3050 5000
525 342 566 395 De
583 341 690 410 regibus
708 342 871 410 apostaticis.
1220 343 1261 409 47

132 530 175 595 ad
197 529 354 596 hominem
386 529 436 594 dei
459 529 686 594 sciscitandum
708 530 808 594 misor
836 530 876 593 do
904 529 1026 608 futuris
1059 530 1090 596 oi
1120 549 1192 596 oum
1220 530 1262 596 od

133 631 224 698 cuius
247 631 407 698 hominem
429 632 527 696 mittit
558 631 683 714 despuit
712 631 843 696 etfacit
864 632 895 696 in
919 631 1143 698 contumeliam
1158 621 1261 698 maie-

133 735 225 802 statis
249 736 316 802 eius
339 736 458 800 uitulus
483 736 515 800 ot
537 738 594 800 has
618 736 749 802 odorare
774 755 882 804 secum
898 735 976 801 iacit
991 735 1149 819 populum.
1181 739 1258 804 hooc
1349 749 1357 770 ‘¹

133 840 208 922 ogit,
233 840 265 904 ot
287 841 393 905 tamon
415 859 476 904 non
498 839 572 905 ilico
590 840 638 904 oso
654 840 820 918 extinctus,
845 840 901 905 sed
918 839 972 905 diu
986 839 1019 905 in
1033 859 1130 924 regno
1148 859 1260 924 supcr-

96 965 117 1004 s
131 941 199 1006 fuit.
224 943 256 1006 ot
277 943 312 1007 tu
336 943 431 1008 dicis:
454 943 485 1009 si
505 944 639 1026 fuissem
660 943 845 1026 haereticus,
867 945 907 1027 si,
931 949 966 1009 ut
988 944 1100 1010 dicum
1121 944 1260 1027 Lucifer,
1345 931 1359 989 ἴ

132 1045 331 1112 Paucratius
352 1051 380 1112 et
401 1046 563 1132 Hilarius,
592 1047 643 1111 dei
670 1047 884 1131 iupuauarem
913 1047 1106 1133 relictorum,
1136 1049 1202 1113 iam
1215 1049 1261 1126 *iu
1365 1045 1375 1052 ’

132 1170 181 1213 me
207 1149 321 1230 suisset
350 1149 561 1216 uiudicatum.
613 1149 722 1232 accipe
754 1149 856 1214 adhuc
886 1149 962 1232 quid
989 1150 1061 1214 huie
1093 1150 1261 1233 contigerit

132 1251 325 1317 Hieroboam
346 1251 425 1335 rogi,
458 1251 491 1316 ot
516 1252 624 1317 tamon
654 1253 810 1336 quomodo
838 1271 895 1317 noc
925 1255 970 1317 sic
994 1254 1196 1318 conuertitur
1220 1252 1260 1317 ad

135 1352 238 1433 deum,
270 1355 328 1419 sod
349 1355 452 1438 magis
482 1355 513 1419 in
537 1374 593 1419 suo
616 1374 824 1438 perseuerans
847 1356 989 1421 mortuus
1012 1355 1106 1421 fucrit
1129 1356 1258 1434 scolere,

85 1471 118 1510 1⁰
132 1458 164 1522 in
187 1477 244 1523 suo
270 1457 420 1524 deiecerit
442 1458 624 1544 sacrilegio:
658 1459 783 1544 etfacit
812 1459 1003 1526 Hieroboam
1032 1461 1117 1524 diem
1146 1460 1261 1554 festum

132 1561 170 1625 iu
191 1582 295 1627 meuse
316 1568 427 1628 octauo
449 1563 487 1626 iu
508 1564 560 1628 die
582 1564 659 1645 festo
681 1564 792 1646 quiuto
813 1561 932 1628 decimo
955 1564 1072 1628 meusis
1086 1564 1258 1628 secuudum

132 1664 216 1730 diem
236 1665 351 1747 fesium
379 1664 477 1743 Iuda,
511 1670 541 1731 et
568 1666 709 1731 asceudit
737 1667 775 1731 iic
796 1667 991 1748 sacrificium
1020 1667 1103 1750 q'uod
1130 1667 1205 1749 fecit
1224 1667 1261 1729 iu

132 1767 256 1854 Reduci,
271 1773 306 1832 ut
320 1768 541 1852 sacrificarent
555 1769 669 1834 uitatis
685 1788 766 1851 quas
781 1768 861 1850 feeit,
876 1773 905 1832 et
920 1769 1083 1834 coustituit
1097 1771 1134 1833 iu
1148 1767 1262 1834 Beroe

130 1874 303 1938 sacerdotes
318 1870 508 1936 excelsorum
522 1891 598 1955 quos
612 1872 693 1954 fecit,
719 1875 748 1936 et
769 1871 915 1936 asceudit
929 1873 966 1936 iu
981 1873 1163 1938 sacrarium
1177 1872 1261 1955 quod

86 1993 117 2032 1⁵
130 1975 204 2056 fecit
218 1977 256 2040 iu
278 1975 388 2058 quiuto
411 1975 527 2040 decimo
539 1975 591 2040 die
606 1995 710 2040 meuse
724 1979 834 2040 octauo
849 1976 885 2040 iu
900 1976 951 2042 dic
965 1975 1044 2057 festo
1059 1997 1149 2060 quem
1161 1976 1260 2060 [iuuit

132 2099 154 2141 a
176 2080 359 2157 cariosae,
393 2082 424 2143 et
442 2079 518 2156 fecit
539 2078 620 2142 diem
642 2077 757 2162 festum
779 2078 858 2160 ficiis
881 2077 985 2144 Israel
1008 2084 1038 2144 ct
1059 2079 1202 2144 asceudit
1223 2081 1261 2144 iu

131 2183 315 2246 sacrariam
337 2186 374 2246 ut
394 2182 600 2266 sacrificaret.
640 2185 670 2246 et
690 2202 754 2247 ecce
776 2181 937 2248 homodei
959 2202 997 2246 eu
1019 2182 1106 2248 Iuda
1128 2183 1263 2247 adueuit

132 2285 171 2348 iu
191 2284 285 2348 uerbo
305 2284 432 2349 domiui
453 2290 490 2348 iu
511 2283 636 2370 Betiei,
659 2289 689 2348 et
710 2283 904 2349 ffieroboam
925 2283 1029 2350 stabat
1049 2304 1145 2368 super
1167 2305 1261 2349 aram

131 2405 224 2450 suam
252 2387 454 2470 sacrificare3
486 2393 515 2453 et
540 2386 694 2470 propheta
721 2389 889 2454 inuocauit
916 2388 959 2453 ad
987 2409 1081 2454 aram
1110 2389 1148 2453 iu
1169 2387 1261 2452 uerbo

86 2514 117 2554 oo
132 2489 255 2556 domiui
277 2490 406 2557 diceus:
428 2511 446 2556 o
467 2492 659 2576 sacrarium,
681 2492 875 2577 sacrarium,
897 2491 974 2559 traco
996 2491 1074 2559 dicit
1089 2492 1260 2558 domiuus:

131 2613 196 2658 ecce
216 2593 307 2675 filius
327 2600 476 2660 uaseetur
497 2596 535 2659 iu
556 2594 648 2660 domo
668 2594 794 2681 Dauid,
817 2601 845 2660 et
866 2594 974 2661 Iasius
993 2598 1053 2661 erit
1068 2594 1258 2676 domicilii,

133 2698 373 2780 etsacrificabit
401 2700 439 2763 iu
473 2702 500 2763 te
527 2698 701 2764 sacerdotes
722 2697 912 2763 excelsorum
934 2699 990 2781 qui
1012 2700 1200 2782 sacrificari
1221 2702 1260 2766 iu

134 2803 170 2883 te,
193 2804 223 2865 et
243 2820 313 2866 ossa
334 2801 501 2867 homimem
522 2801 671 2867 comburet
693 2802 730 2867 iu
752 2807 791 2867 te.
815 2806 845 2867 et
865 2802 955 2869 dabit
975 2804 1013 2869 iu
1034 2804 1096 2869 itia
1118 2804 1170 2870 die
1180 2826 1259 2887 pro·

132 2904 254 2987 dicium
276 2906 359 2987 quod
381 2903 502 2971 locutus
517 2910 562 2970 est
575 2905 745 2971 domiuus:
767 2926 831 2971 ecee
846 2906 1028 2972 sacrarium
1043 2908 1262 2990 disrumpetur
1351 2909 1357 2924 '

88 3028 119 3069 es
133 3011 161 3071 et
175 3007 355 3089 effundetur
365 3008 529 3092 pioquedo
545 3028 625 3090 quae
643 3012 688 3073 est
702 3009 739 3072 iu
754 3029 797 3075 eo.
822 3014 851 3073 et
865 3010 988 3091 factum
1003 3014 1057 3092 est,
1079 3015 1116 3075 ut
1131 3010 1260 3075 audiuit

132 3111 231 3177 uerba
253 3111 393 3177 homimis
422 3111 474 3175 dei
495 3110 681 3176 iuuocautis
710 3112 746 3175 iu
769 3132 862 3177 aram
885 3132 965 3195 quae
986 3113 1024 3177 iu
1046 3112 1156 3177 Bethet
1179 3118 1258 3199 erat,

133 3219 162 3278 et
184 3215 326 3280 euteudit
347 3235 482 3280 martum
502 3234 597 3279 suam
619 3215 662 3279 ad
677 3236 772 3280 aram
786 3215 910 3281 dicem:
932 3215 1157 3297 admeieudite
1177 3236 1258 3281 cum.

133 3319 161 3380 et
183 3318 282 3383 arida
302 3318 392 3402 facia
414 3323 460 3383 esi
481 3337 599 3384 mamm
620 3320 705 3402 reqis
726 3338 824 3401 quam
845 3320 983 3385 eateudit
997 3323 1033 3383 iu
1048 3339 1127 3399 eum,
1150 3324 1179 3383 et
1195 3340 1261 3385 uou

128 3422 235 3501 potuit
258 3420 402 3486 reducere
422 3442 494 3486 eam
509 3422 553 3487 ad
567 3442 607 3488 se.
630 3426 659 3485 et
672 3421 869 3504 sacrificium
884 3426 1015 3506 ruptum
1029 3428 1083 3507 est,
1108 3425 1139 3488 et
1158 3422 1261 3502 effusa

91 3541 120 3582 so
134 3526 181 3588 est
194 3523 360 3607 pioquedo
383 3525 450 3590 eius
472 3546 494 3589 a
515 3526 662 3589 sacrario
685 3525 858 3590 secuudum
870 3524 1055 3609 prodicium
1078 3525 1161 3608 quod
1176 3525 1266 3595 airu

133 3624 225 3691 tomo
246 3626 298 3692 dei
319 3628 358 3692 iu
379 3627 473 3693 uerbo
495 3627 628 3695 domiui.
672 3633 701 3693 et
726 3627 888 3711 respoudit
907 3649 964 3693 reu
985 3633 1015 3693 et
1035 3629 1118 3695 drmit
1140 3628 1260 3695 homiui

133 3728 202 3793 dei:
234 3749 312 3813 roca
332 3731 450 3813 faciem
471 3730 596 3795 domiui
617 3730 669 3795 dei
691 3731 749 3816 tui,
780 3734 818 3795 ut
844 3735 1025 3797 reuertatur
1053 3752 1169 3796 mcum
1190 3751 1259 3796 mea

237 3933 406 4004 lomlug.
426 3934 467 4001 12,
486 3935 574 3989 sr-
593 3935 670 4001 lor

184 4102 309 4160 diecitr
377 4106 411 4159 12
422 4106 587 4177 socrfficium]
606 4108 643 4174 cs.
657 4124 688 4177 p.
700 4111 744 4176 43,
756 4111 795 4163 20
864 4106 897 4161 13
914 4106 1082 4177 saclificaret]
1100 4106 1137 4173 cf.
1155 4106 1191 4163 io.

131 4187 167 4241 22
184 4190 213 4243 in
229 4193 257 4245 to
274 4208 299 4260 o,
317 4192 388 4247 inter
408 4194 445 4261 V,·
461 4192 508 4245 uui
524 4194 607 4247 auru
624 4190 669 4246 iuri
686 4191 716 4247 σὲ
733 4192 798 4253 τοὺς
816 4192 897 4263 ἱερεῖς
914 4193 1002 4249 Lxx
1098 4192 1132 4267 26
1151 4209 1216 4265 quae
1233 4210 1260 4259 v,

133 4274 203 4344 quod
223 4276 250 4330 V
315 4276 475 4333 botelm.1
