3050 5000
429 399 471 452 De
490 400 581 452 sancto
599 397 747 453 Athanasio
764 398 832 452 liber
849 398 869 453 Ι.
1153 399 1212 465 107

74 587 247 670 inpuleras
271 587 311 651 ad
333 587 587 652 interficiendum
608 587 817 664 innocentem,
843 586 883 650 ad
906 587 1083 668 superbiam
1105 588 1212 651 tecum

75 691 320 772 possidendam.
358 710 419 755 non
443 692 525 755 enim
547 691 580 754 te
596 709 711 772 negare
726 709 835 772 posses
852 709 921 755 esse
937 692 1115 772 superbum,
1140 708 1211 753 cum

78 795 114 857 et
138 794 171 857 in
197 794 248 859 dei
263 794 401 858 cultores
417 795 556 859 funestas
571 794 695 858 miseris
710 813 822 858 manus
839 795 870 856 et
886 793 1101 876 euangelicam
1116 793 1211 856 fidem

79 896 250 960 destruere
273 897 369 961 fueris
392 898 524 962 conatus
546 897 640 978 atque
662 896 788 960 firmare
804 897 1006 962 haereticam.
1044 897 1075 960 in
1092 897 1213 961 XXXII

50 1014 63 1052 ⁵
78 999 209 1081 psalmo
225 1019 285 1064 non
300 1000 441 1083 legeras:
463 1001 570 1084 ditipit
586 1001 733 1065 dminus
743 1001 996 1065 miscricordiam
1011 1000 1213 1077 citudinem,

79 1109 113 1168 ct
135 1104 357 1169 misericordia
379 1104 505 1169 domini
534 1104 633 1184 piena
654 1109 701 1170 est
721 1109 816 1179 terra,
851 1105 887 1166 ut
919 1104 1043 1168 iuberes
1074 1103 1215 1166 damnari

82 1207 272 1276 absentem?
288 1224 443 1289 cognosce
457 1226 513 1289 per
529 1209 606 1272 haec
624 1226 718 1290 opera
731 1209 788 1272 tua
800 1226 894 1289 quam
911 1208 954 1272 sis
964 1206 1216 1271 inconsideratus

82 1329 246 1393 quamque
271 1311 346 1374 tuae
371 1311 483 1375 salutis
511 1311 620 1388 hostis,
656 1312 709 1393 qui
738 1331 810 1375 cum
840 1311 990 1393 scriptum
1020 1311 1214 1376 memineris:

82 1415 159 1495 qais
181 1418 226 1478 est
247 1413 338 1478 tomo
361 1416 416 1495 poi
442 1414 633 1479 conticitum
656 1419 686 1479 ot
700 1418 790 1479 amat
803 1416 910 1480 uidere
924 1416 990 1480 dics
1005 1416 1120 1480 denos?
1139 1435 1215 1496 pro-

38 1528 67 1568 10
85 1517 160 1582 tide
182 1517 329 1600 linquam
352 1521 440 1581 tuom
461 1537 484 1580 o
505 1517 599 1598 moto,
623 1522 654 1581 et
674 1518 762 1582 ladio
776 1523 833 1582 tau
855 1538 895 1581 oc
910 1519 1083 1599 toquentur
1098 1518 1215 1599 dotum,

84 1626 116 1685 ct
138 1625 248 1684 auerte
269 1641 291 1683 c
311 1621 396 1684 maio
417 1624 448 1684 et
468 1620 521 1700 foc
543 1621 666 1701 bonum,
689 1622 725 1684 tu
747 1622 854 1685 tamen
878 1640 937 1685 non
954 1621 1092 1703 quietem
1109 1621 1217 1702 capias

84 1726 167 1789 haec
191 1722 328 1807 gerendo
351 1742 432 1805 qnae
453 1724 487 1787 te
509 1725 704 1806 prohibuerit
724 1742 835 1808 gerere
859 1724 946 1788 deus.
981 1727 1038 1788 hoc
1064 1725 1112 1788 est
1133 1723 1217 1788 nolle

84 1828 198 1892 uidere
223 1827 289 1892 dies
311 1828 418 1904 bonos,
453 1829 511 1892 hoc
541 1829 589 1892 est
611 1828 694 1891 nolle
717 1829 826 1904 uitam,
860 1829 919 1891 hoo
951 1828 999 1891 est
1022 1828 1128 1909 petere
1158 1827 1217 1891 sibi

84 1932 185 1996 tribui
206 1933 349 1996 mortem.
394 1951 466 1996 cum
488 1932 597 2012 itaque
614 1931 755 2008 sistatis,
780 1931 834 2013 qui
852 1931 891 1994 ad
905 1933 1039 1995 mortem
1057 1932 1217 1995 aeternam

44 2050 73 2088 1⁵
86 2035 296 2099 hauriendam
319 2053 437 2110 curras,
462 2035 558 2097 etiam
578 2034 611 2098 in
627 2034 746 2098 XXXV
760 2035 797 2097 tu
813 2033 889 2098 mihi
904 2033 1022 2098 uideris
1039 2053 1107 2098 esse
1123 2052 1217 2116 prae-

88 2139 244 2203 ostensus.
289 2139 373 2203 dixit
387 2140 537 2218 iniustos,
561 2144 596 2202 at
618 2137 784 2220 delinquat
801 2139 836 2201 in
851 2143 944 2202 semet
961 2139 1077 2221 ipsum,
1094 2157 1157 2201 ooo
1174 2141 1220 2202 est

88 2242 187 2305 timor
208 2243 260 2306 dci
282 2247 357 2306 ante
377 2242 482 2306 ocutos
503 2243 579 2305 aas.
624 2244 778 2322 quoniam
800 2240 902 2305 dolose
917 2241 978 2322 epit
1003 2242 1037 2304 ia
1053 2243 1218 2321 conspecto

89 2346 168 2427 cios,
197 2350 233 2408 ct
260 2346 450 2409 inueniatur
477 2346 632 2425 iniquitas
655 2345 724 2408 cius
745 2348 775 2407 ct
797 2343 915 2410 odium.
946 2344 1128 2408 coroneris
1151 2343 1218 2407 eius

89 2448 250 2530 iniquitas
274 2453 302 2513 et
323 2447 423 2534 dolos,
448 2449 552 2514 notuit
574 2447 764 2530 iotctteperc
787 2453 823 2511 ot
844 2448 915 2513 bone
937 2451 1049 2532 operat.
1094 2447 1217 2528 ioipci-

50 2564 78 2604 20
92 2557 187 2615 tatem
215 2552 384 2617 meditatos
413 2558 456 2617 cst
485 2554 524 2615 in
550 2550 648 2616 coditi
676 2571 748 2628 sco,
779 2551 906 2616 adsistit
935 2553 1023 2616 omui
1053 2552 1126 2615 otoo
1155 2568 1219 2614 ooo

91 2656 199 2733 bonae,
223 2656 384 2720 maiitiam
404 2660 510 2719 cotem
531 2674 597 2718 ooo
619 2653 730 2719 edicit.

135 2758 270 2823 XXIIII.
298 2756 417 2839 -Qualr's
448 2777 481 2822 es
506 2757 645 2833 aduerte,
679 2757 852 2822 iustissime
880 2758 1058 2839 imperator,
1092 2758 1219 2838 propter

94 2881 186 2943 quem
202 2880 272 2925 esse
289 2860 375 2924 dicta
390 2861 564 2925 sentiantur
580 2860 675 2924 etiam
686 2859 743 2923 illa
758 2878 838 2941 quae
850 2860 881 2923 in
898 2859 1093 2925 Scariothem
1107 2859 1219 2923 Iudam

95 2966 126 3027 et
147 2964 296 3045 populum
324 2964 513 3028 Iudaeorum
542 2962 658 3027 fuerint
687 2963 780 3027 dicta.
827 2964 983 3045 quomodo
1006 2965 1217 3046 potueramus,

52 3084 80 3124 2⁵
95 3066 267 3144 Constanti,
292 3067 440 3130 damnare
462 3067 661 3131 innocentem
685 3067 725 3130 ad
748 3068 912 3148 superbiae
934 3069 1008 3131 tuae
1031 3066 1219 3130 consilium?

95 3189 166 3233 oum
194 3170 346 3234 sciremus
377 3170 529 3252 scriptum
558 3169 641 3251 apud
663 3170 783 3234 Dauid:
818 3170 941 3235 ostonde
968 3170 1220 3234 misericordiore

94 3279 183 3337 tuom
203 3274 371 3338 aasentias
391 3279 420 3337 tc
449 3278 477 3338 ct
499 3273 656 3336 iustitium
671 3276 760 3336 mam
776 3272 827 3336 tris
848 3275 903 3354 qai
925 3277 1005 3337 recto
1027 3277 1104 3337 sont
1120 3273 1216 3337 corde.

96 3396 161 3441 ooo
174 3378 285 3441 ueniat
300 3375 380 3439 mitri
390 3396 448 3458 pes
461 3376 635 3458 superbiae,
659 3380 687 3440 et
701 3394 816 3439 monos
825 3377 1001 3457 peccatoris
1016 3396 1080 3440 ooo
1096 3381 1221 3440 moueat

96 3500 151 3545 me.
185 3480 230 3544 rii
251 3480 431 3544 eraderent
452 3499 556 3543 omnes
578 3480 633 3561 qui
659 3484 833 3560 pecator
855 3480 1066 3561 iniquitatem,
1097 3480 1220 3561 crpotsi

54 3597 84 3636 ³0
98 3588 169 3647 sont
189 3603 245 3647 nec
261 3587 414 3664 poterunt
435 3588 527 3647 aare,
573 3582 648 3664 quid
677 3581 782 3647 dicis?
823 3583 897 3647 talis
927 3584 974 3647 est
1003 3582 1221 3647 misericordia

100 3687 148 3750 dei
171 3706 206 3750 ac
229 3686 360 3763 iustitia,
385 3687 421 3749 ut
444 3687 590 3751 absentes
614 3687 646 3749 et
667 3686 801 3750 inauditi
825 3686 1020 3763 damnentur,
1046 3686 1220 3768 etquidem

97 3789 285 3866 innocentes,
309 3807 388 3871 qnos
409 3790 519 3871 punire
542 3808 599 3853 nec
622 3791 804 3871 praesentes
819 3789 916 3853 licet?
940 3788 998 3853 sed
1015 3788 1090 3871 quid
1106 3789 1220 3852 mirum

99 3895 126 3959 si
146 3895 222 3957 haec
245 3893 314 3957 fieri
336 3894 504 3971 mandasti,
527 3894 620 3958 homo
644 3894 787 3958 nesciens
811 3893 929 3958 deum?
955 3894 1031 3975 quid
1045 3892 1169 3969 mirum,
1194 3891 1220 3955 si

198 4080 370 4143 crosae
439 4080 577 4144 erasa,
600 4079 698 4134 13-15
768 4079 856 4134 16Pe.
869 4078 911 4143 35,
925 4079 992 4133 2-5
1062 4080 1095 4133 26
1112 4078 1220 4141 Pes,

100 4164 197 4220 11-13

147 4321 267 4374 lteonm
283 4323 314 4384 V,
333 4322 439 4375 tnamo
508 4288 632 4389 apanis
648 4322 667 4389 (Ι
684 4340 718 4375 m.
737 4325 801 4390 rec.)
872 4320 906 4374 23
924 4320 1082 4375 scariotham
