3050 5000
422 393 463 446 De
482 396 575 446 sancto
591 393 740 447 Athanasio
759 392 827 447 liber
844 392 865 445 Ι.
1128 427 1130 442 .
1170 391 1210 455 79

80 585 238 667 aduenae,
255 584 394 665 orplcani
409 589 437 648 el
452 584 582 663 uiduae,
603 582 681 647 ettu
695 582 788 646 ludos
803 582 861 647 tibi
876 579 1031 664 praebens
1048 582 1087 645 de
1103 582 1211 648 nostro

81 687 236 770 sanguiue
259 686 382 750 dixisti:
399 687 517 768 punite
531 706 602 750 enm
622 705 714 767 quem
728 687 887 767 ipnoratis
902 686 1080 767 deliquisse.
1103 685 1208 750 nolui-

81 809 166 870 mus,
200 789 375 866 Constant,
412 808 482 854 esse
509 789 618 854 tecum
644 787 818 866 maledicti,
852 788 885 851 te
914 789 1017 871 magis
1046 788 1209 870 cupientes

83 913 194 958 sumus
216 893 382 958 nobiscum
403 891 608 957 benedictum
629 892 661 957 iu
684 893 795 957 sancta
817 892 951 956 inueniri
975 892 1120 957 ecclesia.
1150 909 1210 956 uon

55 997 173 1060 ttuam
196 996 342 1060 audimus
364 1013 486 1073 uocem,
517 1015 599 1078 quac
629 1012 686 1059 nos
709 995 760 1059 dei
783 996 942 1059 incurrere
966 995 1114 1060 offensam
1136 1013 1211 1077 pro-

81 1099 188 1177 uocat,
223 1098 282 1162 sed
317 1098 464 1163 audimus
490 1097 610 1183 Moysis
643 1098 727 1162 serui
761 1097 878 1162 domini
908 1098 1057 1163 dicentis:
1091 1103 1120 1165 et
1141 1099 1211 1180 erit,

81 1203 111 1266 si
144 1223 212 1267 non
245 1201 414 1267 mcdieritis
451 1222 559 1266 nocem
590 1203 714 1267 domini
751 1201 804 1266 dei
843 1203 956 1285 nasim,
996 1203 1150 1267 ennelino
1182 1206 1213 1265 et

82 1305 189 1386 facere
216 1307 326 1369 omnia
353 1307 513 1371 mandata
540 1306 624 1384 eius,
654 1325 864 1388 quaecamque
892 1326 943 1389 epo
970 1305 1128 1370 mandabo
1156 1305 1212 1369 tibi

82 1408 185 1488 lodie,
208 1417 237 1472 et
250 1410 380 1474 uenient
394 1429 490 1491 snper
504 1414 533 1474 te
547 1428 653 1474 omnes
668 1409 902 1475 maledictiones
917 1409 975 1474 lae
997 1414 1025 1473 et
1046 1408 1213 1473 inueniant

45 1517 120 1578 rote.
144 1512 332 1576 maledictas
359 1516 396 1576 tn
423 1513 622 1591 inuisitato,
650 1511 838 1578 maledictus
865 1518 900 1578 tn
927 1515 965 1578 in
994 1532 1081 1597 apro,
1110 1512 1210 1576 male·

84 1615 190 1679 aliciae
212 1614 378 1695 apothecae
400 1619 474 1680 tuae
496 1623 524 1679 et
545 1635 626 1696 quae
647 1619 724 1679 sunt
749 1615 875 1697 reliqna
903 1619 970 1700 tna,
999 1621 1028 1681 et
1050 1615 1212 1680 maledicti

83 1717 149 1798 dlii
173 1718 222 1782 ini
236 1719 359 1782 uentris
373 1724 402 1782 et
416 1719 581 1782 nascentia
596 1723 697 1782 terrac
716 1723 799 1796 inae,
816 1724 959 1783 arnmnta
974 1719 1066 1784 boam
1088 1722 1213 1783 luorum

83 1825 112 1883 et
131 1840 242 1903 preces
268 1821 379 1885 ouium
410 1825 551 1899 tuarum,
575 1821 760 1887 maledictas
781 1827 817 1886 tn
838 1822 876 1886 in
895 1842 1005 1906 pressu
1019 1827 1083 1888 tna.
1112 1821 1214 1887 mittet

85 1922 143 1986 tibi
172 1922 321 1988 dominns
357 1923 499 1987 taedium
531 1927 560 1986 et
589 1923 727 2006 thlipsen
753 1930 783 1989 el
811 1926 1003 1990 anxietatem
1030 1926 1067 1990 in
1094 1926 1213 2009 onmia,

49 2043 278 2107 spumamque
299 2026 461 2089 immiseris
482 2045 616 2088 manum
637 2031 735 2111 tuam,
763 2047 974 2110 quaecamque
999 2030 1108 2112 facies,
1139 2049 1213 2111 qno-

86 2128 229 2210 arluspne
249 2128 415 2209 disperdat
441 2132 471 2190 te
497 2129 535 2190 in
564 2127 652 2192 dreni
677 2134 806 2210 propter
835 2131 1010 2210 nequitiam
1037 2131 1215 2196 sinelicium

86 2236 224 2297 taormn.
249 2231 360 2295 si'uou
383 2231 457 2295 sunt
478 2230 565 2294 mala
587 2231 695 2295 studia
716 2231 799 2297 falsa
825 2233 952 2297 mittere
975 2234 1116 2311 crimina,
1139 2253 1213 2316 per-

88 2334 179 2416 sequi
202 2334 253 2397 dei
271 2334 419 2410 cultores,
444 2333 496 2397 dei
518 2332 731 2398 idololatriam
753 2323 1008 2399 introducere'iu
1033 2323 1212 2412 ecelesiam,

86 2456 182 2501 mauu
193 2436 324 2501 militari
337 2435 483 2519 iugulare
499 2435 665 2501 credentes
680 2436 712 2499 in
727 2437 856 2502 unicum
873 2437 924 2503 dei
936 2437 1047 2516 filium,
1065 2440 1213 2521 poterunt

51 2541 165 2604 nhaoo
190 2540 363 2604 maledicta
384 2558 445 2604 non
468 2540 501 2603 te
524 2558 561 2603 ac
584 2540 691 2603 tecum
715 2540 950 2622 adprehendere
973 2544 1143 2606 currentes.

129 2642 236 2706 VIIII.
261 2642 452 2707 Couuocesti
474 2661 530 2707 uos
560 2640 600 2705 ad
624 2642 675 2706 dei
703 2643 900 2707 sacerdotem
928 2644 1146 2727 iugulandum,
1174 2645 1214 2709 ad

89 2764 160 2809 eum
183 2745 436 2824 interimendum,
459 2764 624 2828 perquem
645 2746 679 2810 te
694 2746 864 2828 praecepta
880 2766 937 2810 sua
953 2747 1062 2811 audue
1078 2747 1216 2811 sanxerit

90 2849 179 2914 deus.
223 2855 251 2913 et
271 2852 402 2932 scripsit
418 2851 549 2932 Mopsus
569 2850 668 2915 uerba
690 2849 767 2933 lepis
789 2849 885 2915 laius
906 2852 944 2915 in
968 2852 1057 2933 lilino,
1081 2856 1109 2914 et
1131 2851 1217 2917 dedit

90 2973 159 3016 ema
180 2952 395 3018 sacerdotibus
415 2959 445 3018 ei
466 2955 574 3019 lenitis
600 2956 656 3037 pai
683 2955 803 3019 tollant
830 2974 940 3020 arcam
961 2956 1139 3028 testamenti
1161 2954 1216 3018 elo-

56 3075 80 3113 n
91 3058 173 3121 mini
194 3061 226 3123 ct
244 3058 432 3140 presbyteris
454 3058 567 3123 Israel.
590 3063 619 3121 et
641 3059 814 3122 mandami
835 3059 879 3121 cis
898 3058 1024 3140 Moyses
1038 3058 1074 3121 in
1089 3054 1149 3121 illa
1164 3056 1216 3122 die

92 3160 216 3224 dicens:
233 3165 305 3242 post
326 3165 440 3240 septem
463 3180 567 3224 annos
589 3160 626 3225 in
648 3165 784 3241 tempore
798 3161 881 3223 anni
896 3161 1092 3224 remissionis
1113 3160 1149 3223 in
1164 3160 1215 3223 elie

91 3264 167 3345 festo
188 3264 389 3346 scenopcpiae
410 3264 448 3327 in
469 3264 605 3328 coeundo
628 3282 750 3327 omnem
772 3262 879 3328 Israel
900 3282 1057 3344 apparere
1077 3263 1114 3327 in
1138 3283 1213 3327 con-

92 3370 197 3447 specta
218 3367 341 3431 domim
361 3367 412 3431 dei
424 3367 474 3429 lui
496 3367 533 3430 in
548 3364 613 3429 loco
634 3386 724 3447 quem
739 3365 867 3447 cleperit
889 3366 994 3448 lepetis
1016 3365 1100 3430 dane
1120 3366 1216 3449 lepem

93 3469 129 3530 in
149 3474 315 3548 conspectu
336 3467 440 3533 Israel
464 3470 499 3531 in
521 3468 654 3532 auritas
669 3489 786 3550 eornm,
811 3470 992 3533 conuocatis
1004 3470 1040 3533 in
1055 3468 1216 3533 eeclesiam

59 3571 176 3635 anuis
204 3571 438 3637 etmnliemlns
465 3577 495 3636 et
515 3573 603 3636 natis
632 3577 660 3636 et
680 3571 841 3655 proselyto
870 3572 926 3653 qni
954 3571 1112 3653 fueritin
1134 3572 1216 3636 cini·

95 3673 211 3737 tatibus
233 3676 359 3756 nestris,
383 3679 418 3738 at
440 3675 580 3739 audiant
601 3679 632 3739 et
652 3675 779 3740 discant
807 3676 915 3739 timere
937 3675 1102 3739 dominnm
1124 3673 1218 3739 eleum

196 3860 212 3911 6
230 3860 309 3914 Deut.
328 3860 370 3924 28,
390 3861 491 3915 15-20
560 3859 594 3911 23
611 3859 647 3913 ib.
665 3858 707 3921 31,
726 3859 811 3913 9—13
939 3882 941 3886 ·

148 4026 270 4083 lorfani
376 4030 545 4098 daudimus]
567 4046 658 4084 uocem
680 4030 748 4084 add·
772 4047 806 4083 m.
830 4045 888 4125 ec.t
974 4028 1060 4099 Moysi
1082 4031 1149 4096 fort.

99 4133 128 4186 11
147 4132 307 4201 apothaeoae
402 4132 434 4186 13
452 4106 558 4215 gregem
576 4139 594 4202 (¹
611 4152 645 4188 m.
663 4136 727 4199 rea.)
825 4133 857 4186 17
875 4148 980 4216 suorum
999 4133 1015 4200 (²
1032 4150 1067 4186 m.
1084 4136 1148 4201 rec.)

99 4217 131 4272 18
146 4217 297 4280 idolatriam
314 4238 348 4273 m.
366 4226 381 4273 1
460 4222 494 4273 22
513 4220 644 4273 sancierit
715 4220 749 4272 25
767 4217 880 4286 porteris
901 4219 931 4286 V,
948 4218 1117 4288 presbyteriis
1135 4236 1151 4273 u

98 4305 130 4357 27
148 4305 281 4374 quoeundo
300 4324 333 4361 m.
352 4311 367 4359 1
437 4304 471 4359 29
489 4304 621 4359 oouocatis
639 4323 673 4359 m.
691 4310 706 4358 1
778 4304 811 4357 30
828 4305 952 4373 proselito
