3050 5000
280 386 345 453 230
772 384 922 439 Luciferi

280 576 384 640 celere
415 574 523 640 diuina
553 575 620 639 eius
653 594 693 638 nn
724 573 854 657 dignum
882 574 932 639 est
955 575 1075 656 aperire
1097 572 1157 639 tibi
1181 574 1304 637 cuncte
1325 590 1420 654 prue-

280 680 373 761 ceptn
399 678 539 744 domini?
572 696 697 743 omnem
718 678 916 742 uoluntatem
944 676 1178 760 perieremnsne
1206 674 1261 741 dci
1291 674 1335 739 ad
1363 694 1419 739 nos

279 782 370 847 nobis
398 782 584 847 commissos
617 800 657 845 un
687 799 758 845 enm
788 780 829 845 ud
857 781 982 847 nosmet
1002 780 1193 863 iugulandos
1215 778 1313 845 nobis
1332 777 1417 843 fiun-

280 885 446 951 dubimur?
468 885 654 968 sanguinem
677 884 793 949 etenim
815 885 906 949 tuum
930 883 1009 949 dicit
1024 882 1169 949 dominns
1183 883 1415 966 requisiturum

280 1006 388 1069 emm
411 988 486 1070 quin
500 988 597 1053 immo
614 987 642 1053 si
663 1006 724 1053 non
747 986 925 1053 oboedieris
948 986 1018 1065 deo,
1042 987 1133 1053 cuius
1155 1005 1213 1053 nos
1236 986 1299 1051 tibi
1322 986 1445 1067 inge-c

277 1092 377 1157 rimus
400 1091 507 1158 dimna
527 1092 657 1168 monita,
680 1092 717 1155 tu
738 1091 770 1156 in
792 1092 847 1157 tuo
870 1091 1013 1156 morieris
1036 1090 1210 1156 sceleratus
1234 1088 1362 1155 scelere
1387 1090 1416 1152 et

280 1195 410 1262 euobis
431 1194 496 1259 iem
517 1214 578 1260 non
599 1194 778 1278 requiretur
801 1194 889 1261 selus
912 1195 1034 1259 animae
1056 1196 1141 1273 tuse,
1165 1194 1319 1277 quonism
1342 1191 1415 1274 qni-

279 1300 352 1364 dem
373 1300 552 1366 ministris
574 1319 636 1365 non
658 1300 813 1365 fuerimus
838 1300 955 1378 territi,
990 1300 1047 1365 sed
1078 1297 1180 1365 solum
1208 1298 1415 1363 timuerimus

279 1421 351 1468 eum
374 1404 427 1486 qui
449 1404 574 1485 praeter
597 1423 631 1467 se
657 1403 815 1469 neminem
844 1402 1004 1467 mundarit
1032 1402 1224 1479 timendum,
1261 1400 1415 1483 quonium

278 1506 407 1589 quidem
429 1508 466 1569 ut
485 1507 586 1571 temet
609 1507 746 1589 eriperes
770 1527 789 1572 s
811 1506 954 1573 nefandis
972 1506 1100 1571 semitis
1128 1507 1192 1573 tuis
1220 1507 1255 1571 in
1284 1504 1443 1569 nomines

184 1612 188 1619 ’
280 1608 399 1675 domini
428 1608 479 1674 dei
506 1610 756 1675 conuenerimus.
795 1630 834 1675 ne
862 1610 920 1675 tibi
950 1609 1131 1692 imperatori
1153 1610 1282 1674 uiderer
1307 1607 1413 1672 fucere

278 1712 517 1791 contumelim
548 1712 624 1795 quio
645 1733 697 1778 me
720 1731 814 1796 egere
838 1712 976 1795 oportuit
997 1714 1137 1795 tempore
1161 1712 1279 1795 quote
1304 1710 1412 1775 indico

277 1815 387 1879 nutum
410 1814 451 1880 ad
472 1835 528 1880 nos
551 1816 602 1880 dei
625 1835 733 1882 seruos
757 1818 845 1882 unia
859 1817 1029 1883 uertendos
1042 1816 1210 1883 ueritatis?
1234 1834 1313 1879 cum
1330 1814 1412 1879 enim

276 1916 565 1985 Nabuchodonosor
596 1920 777 1986 Olofernam
809 1921 935 1987 uirtutis
964 1940 1040 1987 sues
1066 1920 1239 2003 principem
1267 1918 1413 1985 misisset

279 2020 312 2085 et
325 2022 499 2087 Ierusalem
514 2023 682 2102 obsideret,
706 2024 783 2107 quid
806 2026 875 2090 oret
897 2024 1004 2089 Iudith
1020 2024 1137 2089 doum?
1159 2042 1272 2105 nempe
1298 2023 1338 2087 ut
1354 2021 1441 2085 ‹le-1⁵

279 2125 415 2189 strueret
425 2126 686 2192 inimioosisraot
698 2128 852 2212 numquid
862 2130 959 2215 (non)
973 2127 1064 2193 dixit:
1077 2128 1196 2193 custodi
1206 2128 1412 2209 insurycntcs

276 2228 430 2294 aduersus
450 2230 579 2296 domum
600 2234 711 2297 tuum?
732 2232 859 2297 domiin
879 2234 956 2299 dues
972 2231 1083 2313 putris
1104 2230 1166 2296 mei
1179 2229 1335 2313 Symeon,
1358 2227 1412 2309 qui

275 2330 392 2397 dmiui
423 2333 574 2417 eludium
605 2335 643 2399 in
675 2334 796 2401 uitium
831 2336 1088 2419 uiieniyenurum
1116 2334 1172 2417 qui
1200 2333 1412 2399 uiolaueruut

274 2433 411 2500 uuluam
434 2437 575 2520 uiroinis
595 2438 634 2504 in
655 2439 948 2522 coinquinationem
971 2442 1000 2504 et
1027 2438 1274 2504 monument
1303 2436 1412 2517 femur

274 2539 312 2602 in
333 2541 635 2607 consummationem
656 2546 686 2608 et
706 2542 997 2625 coinquinuueruut
1024 2541 1188 2606 muricem
1215 2540 1255 2604 in
1285 2541 1441 2621 impres

269 2645 410 2726 pertun
444 2644 559 2710 sinisii
579 2646 682 2710 euim:
714 2666 782 2712 non
803 2646 850 2712 sic
871 2647 941 2730 erit,
965 2651 992 2711 et
1014 2646 1127 2728 fecisti.
1165 2646 1304 2726 proptu
1329 2642 1409 2727 quoi

275 2746 390 2812 dedisti
412 2750 580 2829 principes
606 2769 713 2814 eornm
744 2750 783 2814 in
812 2751 997 2816 occisionem
1023 2753 1052 2812 et
1079 2752 1184 2813 torum
1212 2767 1326 2812 eorum
1357 2747 1410 2829 qni

275 2853 397 2934 necuit
430 2852 577 2918 dirutum
607 2855 643 2919 in
670 2855 877 2939 eunonium,
912 2858 942 2919 et
962 2854 1151 2936 percussisti
1180 2871 1290 2918 seruos
1313 2871 1410 2934 supet

268 2959 426 3038 potentes,
458 2976 554 3038 snper
574 2956 709 3023 turonos.
725 2977 841 3023 mrum.
877 2963 907 3024 et
927 2957 1044 3024 dedisti
1065 2957 1213 3022 mutieres
1237 2975 1353 3021 eorum
1377 2957 1408 3018 in

267 3062 430 3143 praecium
451 3065 480 3126 et
501 3060 590 3143 nitius
611 3061 649 3126 in
669 3063 891 3144 captiuitates
914 3067 944 3128 et
964 3079 1087 3128 omnem
1111 3061 1272 3142 mnodum
1294 3061 1335 3124 in
1358 3059 1436 3123 ‹ii-s

274 3165 430 3230 nisinun
450 3165 595 3249 {iliorum
615 3165 814 3248 dilectorum,
848 3168 905 3250 qui
932 3167 1117 3232 setuuernnt
1137 3164 1240 3230 edum
1261 3165 1406 3228 tuusne

275 3267 541 3334 utnniuunernnt
569 3269 862 3351 coinquinationem
888 3271 1014 3354 ueneris
1042 3270 1092 3334 tui
1118 3268 1407 3334 ciinuocaneruut

277 3374 306 3434 te
327 3371 364 3435 in
385 3373 582 3439 adiutorium
603 3379 704 3440 tunm.
744 3374 821 3440 deus
842 3393 928 3440 meus
949 3374 1096 3440 erudiet
1117 3393 1165 3436 me
1187 3371 1337 3436 uicinam.
1373 3374 1404 3433 tu

234 3491 238 3498 ’
275 3475 359 3540 enin
382 3475 487 3556 fecisti
506 3477 621 3558 priora
641 3498 750 3543 eorum
772 3497 843 3543 cum
865 3477 935 3543 iltis
956 3482 985 3543 ct
1005 3475 1066 3542 iiio
1082 3480 1195 3558 posteo
1215 3479 1245 3540 et
1267 3475 1405 3539 nuncet
1486 3479 1487 3560 t

378 3682 410 3736 17
428 3681 483 3736 lud.
502 3684 527 3746 9,
546 3683 631 3738 2-19

327 3871 340 3925 1
361 3873 416 3925 eius
434 3889 458 3936 n,
484 3873 509 3926 ei
530 3875 561 3937 V,
586 3872 625 3926 eis
649 3874 719 3928 coni.
744 3873 836 3929 Titius
859 3873 892 3928 iu
908 3875 985 3930 notis
1088 3871 1104 3924 2
1127 3871 1334 3940 perferremusne

273 3958 459 4027 3iugnluntos
547 3958 1133 4031 11conuenerimussoruetconsensimus
1155 3960 1186 4020 V,
1205 3957 1397 4011 conueniremus
1484 3957 1486 4048 i

274 4060 290 4096 o
358 4046 561 4109 conueniremus,
580 4063 613 4100 ne
631 4046 682 4100 tibi
700 4047 847 4100 uideremus
864 4048 934 4102 coni.
951 4046 1121 4101 Gulluudius
1191 4043 1396 4098 monimum.
1485 4053 1486 4098 t

274 4128 418 4196 Latinius,
436 4129 464 4182 in
485 4132 525 4185 Vc
595 4131 848 4186 14H010fememo
917 4132 950 4185 15
961 4131 1036 4185 iudid
1106 4130 1138 4184 16
1155 4145 1210 4182 non
1229 4129 1333 4181 addidi

276 4213 307 4264 17
334 4214 375 4266 cni
401 4215 467 4280 fort.
583 4217 615 4270 19
643 4218 904 4286 quoinquinntionem
1018 4217 1052 4270 20
1079 4215 1333 4285 quoinquinsnemnt

274 4298 308 4350 24
325 4302 455 4370 potentes]
475 4305 503 4355 et
519 4304 641 4371 potentes
660 4305 726 4358 add.
743 4304 816 4362 Gaii.
884 4304 917 4358 27
937 4301 1194 4374 quoinquinntionem
