3050 5000
430 386 472 441 De
490 386 582 441 sancto
599 386 745 441 Athanasio
762 386 831 442 liber
847 386 868 442 1.
1157 389 1221 454 139

78 578 188 643 solem
208 578 247 642 io
259 596 378 643 moues
396 578 482 662 repis
502 579 720 662 Assyriorum.
744 580 789 644 sic
805 581 837 645 in
852 578 1001 664 periculis
1017 596 1051 645 es
1065 579 1111 657 tu,
1127 579 1218 644 blas-

79 682 211 762 phemo,
233 680 271 744 ut
293 680 358 757 ille,
383 680 415 745 et
436 700 496 746 non
518 682 625 756 uides3
648 682 759 747 contra
774 701 830 748 nos
846 682 898 748 dei
913 682 1050 747 cultores
1073 681 1219 747 uidemus

80 784 179 849 tutos·
190 783 398 865 defensosque
414 785 499 849 stare
513 784 696 850 incolumes.
725 785 810 850 unde
831 785 894 851 tuti
910 802 1017 850 sumas
1034 804 1070 849 ac
1088 784 1217 863 defensi,

81 886 149 951 nisi
171 886 246 969 quia
268 886 412 952 sanctam
433 887 598 951 teneamus
612 886 710 953 fidem
732 906 829 969 quam
846 888 1005 953 tenuerint
1018 888 1219 970 patriarchae

52 997 68 1037 ⁵
80 990 258 1071 prophetae
271 990 404 1072 apostoli
417 1008 453 1055 ac
465 990 628 1074 martyres,
641 992 722 1056 hanc
735 1010 830 1074 quam
840 989 991 1057 iudicasti
1001 990 1220 1057 haereticam?

131 1092 280 1158 mxl.
319 1091 383 1158 Sed
404 1092 578 1159 utiterum
606 1094 648 1158 ad
668 1092 879 1159 Athanasium
900 1094 1078 1171 redeamus,
1101 1094 1133 1158 in
1157 1112 1218 1177 quo

82 1196 171 1261 hanc
194 1194 392 1277 persequeris
415 1212 540 1261 sacram
561 1194 669 1274 fidem,
691 1213 753 1261 non
768 1196 913 1274 timuisti,
937 1216 990 1263 oro
1004 1197 1047 1276 te,
1070 1196 1218 1279 indigna

82 1298 209 1363 tionem
232 1296 350 1363 domini
373 1298 483 1363 contra
505 1297 578 1363 illos
600 1298 766 1380 prolatam,
795 1299 848 1381 qui
872 1301 1057 1382 exprobrare
1078 1299 1220 1381 tempta-

82 1400 205 1465 uerunt
226 1401 283 1466 Iob
305 1400 524 1479 iustissimum,
547 1402 585 1466 ut
606 1400 696 1467 falsis
718 1402 901 1468 criminibus
922 1404 1048 1484 peteres
1072 1404 1123 1467 slei
1140 1403 1220 1469 anti-

40 1521 70 1560 ro
83 1503 219 1569 etitem?
252 1505 450 1569 nonmetuis
473 1505 683 1583 etiamnunc,
713 1524 753 1570 ne
783 1506 824 1571 ad
851 1508 885 1570 te
915 1505 1002 1570 dicat
1025 1504 1102 1571 deus
1137 1524 1219 1587 quae

85 1607 170 1671 dixit
190 1606 239 1671 illi
260 1609 328 1691 regi
348 1608 491 1690 loquenti
518 1608 628 1673 contra
655 1608 712 1673 Iob
743 1608 994 1673 sanctissimum:
1016 1609 1156 1689 peccora
1184 1612 1220 1675 to

83 1716 118 1776 et
142 1712 243 1777 amici
263 1712 313 1775 toi
334 1712 435 1777 umbo.
473 1710 560 1777 siha
587 1712 674 1776 araim
700 1712 772 1777 aori
801 1712 997 1777 incutientia
1025 1730 1133 1777 corum
1161 1731 1219 1776 mc.

83 1813 214 1880 interea
234 1814 281 1879 sic
303 1832 362 1880 nos
383 1812 509 1879 Arriani
531 1813 708 1897 superiores
730 1813 875 1897 poteritis
889 1814 1062 1879 Athanasio
1083 1813 1219 1878 inueniri

84 1936 173 1982 nnnc
197 1918 282 1999 apud
304 1917 409 1995 deum,
432 1916 589 1999 quomodo
613 1917 716 1981 atilli
736 1919 812 1983 tuno
836 1918 957 1983 inuenti
985 1918 1058 1981 sunt
1086 1916 1140 1999 qui
1162 1916 1220 1981 lob

43 2036 72 2076 1⁵
87 2021 288 2102 exprobrant.
311 2021 390 2086 utile
410 2020 541 2098 esttibi,
558 2020 733 2099 Constanti,
755 2022 793 2086 ut
806 2040 863 2104 per
877 2022 1085 2087 Athanasium
1102 2020 1219 2085 domini

85 2124 289 2190 sacerdotem
310 2142 366 2205 pro
388 2123 579 2189 facinoribus
605 2124 671 2189 tuis
699 2124 744 2189 sis
775 2124 906 2207 supplex
936 2124 1005 2200 deo,
1039 2142 1094 2206 per
1115 2123 1219 2205 ipsum

87 2226 211 2310 dirigas
232 2229 309 2292 uota
329 2228 395 2305 tna,
419 2226 515 2293 sicuti
537 2227 569 2291 et
590 2226 638 2291 illi
659 2245 716 2310 per
737 2227 811 2302 Iob;
840 2246 896 2311 per
918 2226 1126 2293 Athanasium
1150 2226 1219 2290 siue

85 2347 144 2412 per
163 2330 365 2412 coepiscopos
381 2330 449 2395 eins
463 2328 520 2394 des
531 2348 659 2411 operam
671 2329 845 2395 salutarem
857 2328 1006 2412 consequi
1016 2328 1218 2412 baptismum.

86 2433 233 2499 ceterum
256 2451 317 2516 quo
332 2433 440 2500 uelitis
455 2452 513 2500 uos
527 2432 703 2516 torqueatis
717 2434 812 2500 modo
831 2433 983 2499 aduersus
998 2431 1217 2509 Athanasium,

44 2551 147 2602 renos
171 2537 211 2602 <le
233 2537 309 2602 filiis
332 2556 402 2602 esse
424 2537 616 2614 inuenimini,
647 2537 762 2620 qnippe
790 2537 953 2614 haeretici,
981 2536 1067 2602 illius
1096 2537 1218 2618 augam,

86 2641 212 2706 colubri
226 2639 356 2723 refugae
372 2640 557 2715 desertoris;
580 2639 774 2704 Athanasius
788 2657 864 2704 uero
881 2638 929 2704 est
945 2637 996 2703 dei
1013 2637 1216 2714 domesticus,

87 2744 126 2806 ut
147 2741 209 2807 init
229 2744 302 2819 Iob;
326 2744 376 2808 est
399 2742 438 2807 de
460 2742 535 2809 filiis
556 2743 639 2808 lucis
663 2744 696 2807 et
717 2743 819 2824 ipsam
840 2747 951 2807 tenens
973 2740 1114 2806 institiae
1132 2740 1219 2804 uiam

89 2865 188 2929 quam
208 2846 312 2911 tenuit
333 2865 444 2911 seruas
467 2846 518 2911 dei
539 2848 614 2921 Iob;
645 2846 695 2912 est
721 2847 790 2928 ipae
819 2845 985 2928 possidens
1006 2844 1113 2921 fidem,
1130 2843 1219 2924 ¹unde

89 2950 124 3014 et
147 2948 187 3014 (le
209 2949 284 3014 filiis
305 2949 499 3015 Athanasius
520 2948 668 3014 Abrabae
691 2949 749 3014 ost.
789 2948 833 3014 sic
858 2948 909 3013 dei
931 2947 1032 3012 filium
1054 2945 1222 3012 confitetur

50 3062 76 3104 ¹⁶
90 3051 294 3129 Athanasius,
309 3053 347 3116 ut
358 3050 521 3116 confessus
533 3053 582 3116 est
592 3053 658 3118 Iob.
683 3053 738 3134 qui
748 3053 806 3117 Iob
820 3052 903 3117 unde
919 3050 959 3115 de
974 3051 1048 3116 filiis
1063 3049 1219 3126 Abrahae,

89 3155 152 3220 nisi
175 3156 251 3239 quia
272 3157 318 3220 sic
347 3154 528 3232 crediderit,
560 3155 715 3238 quomodo
737 3154 799 3220 init
821 3154 953 3220 credens
984 3155 1015 3218 et
1037 3153 1220 3220 Abraham?

90 3260 119 3324 si
140 3261 220 3324 haec
241 3260 289 3324 ita
311 3278 345 3324 se
367 3259 484 3324 habere
506 3259 643 3341 ignoras,
665 3277 812 3340 percurre
834 3259 963 3324 beatum
985 3255 1119 3322 Paulum
1142 3272 1220 3337 apo-
1282 3333 1284 3336 Ι

92 3362 210 3428 stolum
239 3381 300 3427 non
323 3361 425 3427 solum
449 3360 490 3426 ad
512 3362 681 3438 Romanos,
709 3360 767 3426 sed
791 3361 831 3432 ad
855 3360 997 3438 Galatas,
1026 3357 1058 3423 et
1079 3357 1221 3422 inuenies

89 3482 169 3529 uera
192 3483 262 3530 esse
285 3483 366 3547 quae
389 3464 564 3530 delendam.
589 3463 645 3530 aut
658 3463 821 3546 numquid,
846 3463 920 3545 quia
938 3463 994 3528 Iob
1017 3461 1093 3527 iusti
1107 3461 1220 3526 beatus

54 3569 255 3649 ⁸⁰‘apostolus
275 3567 411 3634 nominis
440 3568 620 3651 specialiter
641 3585 702 3633 non
724 3566 801 3632 fecit
822 3566 1024 3642 mentionem,
1054 3563 1222 3646 negabitur

93 3671 149 3735 lob
172 3672 212 3736 de
235 3671 311 3736 fihis
334 3691 404 3737 esse
425 3672 594 3736 Abrahae?
617 3670 726 3734 sinon
748 3671 854 3752 potest
876 3670 985 3752 negari
1008 3668 1063 3733 Iob
1088 3685 1156 3733 esse
1180 3666 1220 3730 de

195 3859 226 3913 11
244 3858 292 3914 Iob
310 3860 352 3930 42,
370 3862 386 3913 7

144 4029 254 4084 biatu
270 4011 391 4084 uides—et
408 4032 501 4084 contra
517 4045 576 4083 roa.
595 4032 612 4083 9
630 4029 689 4096 fero
707 4029 761 4085 lor.
842 4029 1051 4126 {tenuemus
1132 4029 1221 4096 iper-

94 4133 225 4200 seqnaexia
242 4150 278 4186 m.
295 4137 311 4187 1
408 4132 424 4185 9
442 4133 598 4187 antestitem
614 4149 650 4187 m.
667 4137 683 4186 1
781 4132 814 4186 10
833 4135 877 4186 ate
976 4131 1009 4184 15
1028 4128 1222 4200 exprobrabant

95 4217 231 4274 Latmius
334 4219 367 4272 16
389 4220 478 4288 suplex
582 4217 616 4271 23
638 4219 698 4287 ipsa
720 4235 754 4272 m.
779 4224 794 4272 1
899 4217 934 4270 24
957 4217 1054 4271 abraae
1077 4234 1110 4270 oa
1134 4221 1150 4270 1

95 4299 128 4355 28
144 4304 267 4372 galathas
