3050 5000
438 350 479 404 De
498 354 590 405 sancto
608 351 757 408 Athanasio
775 354 879 410 libori
1163 363 1227 427 113

98 538 263 603 soelemm.
307 536 415 619 legisti
445 538 527 602 enim
557 540 641 622 opud
669 539 885 608 Salomonem:
920 551 1060 611 merset
1088 547 1161 611 otto
1186 549 1224 614 in

96 639 248 706 mamone
268 640 407 723 hepone,
430 641 463 704 ot
484 642 569 724 opud
591 643 720 708 testum
741 645 892 710 Paulum:
913 649 1005 714 corde
1020 651 1159 716 ereditur
1181 653 1224 717 ost

95 745 267 826 iustitium,
289 764 342 810 oro
361 749 468 810 autem
489 745 638 826 confessio
658 748 699 829 pit
711 749 755 813 od
768 751 912 816 satutem.
935 751 1106 818 meministi
1120 755 1222 837 serip-

93 851 181 914 tum:
202 849 293 914 testis
312 848 418 929 salsos
437 869 505 914 eos
525 849 696 931 inpositus
723 854 793 933 erit,
821 858 852 917 ot
878 855 934 936 posi
961 861 1088 921 essesut
1116 857 1227 939 meipso

71 973 164 1029 snos
180 954 329 1036 1W;
350 953 511 1020 ettamen
531 954 621 1019 haisti
643 972 740 1021 susus
761 956 891 1022 infitiaoi
913 958 1129 1024 Athanasium.
1163 979 1224 1025 non

97 1060 183 1122 euim
201 1057 294 1122 nobis
315 1056 419 1121 iuerat
441 1057 549 1139 aliqua
568 1076 667 1122 eausa
686 1077 760 1124 oum
774 1059 908 1144 ooilegis
922 1064 1030 1128 soetae
1044 1065 1119 1128 osse
1134 1063 1225 1130 Arsi-

98 1161 177 1238 enis,
201 1179 280 1224 <eum
304 1161 432 1225 eosdem
460 1161 525 1225 iam
546 1161 669 1243 pridem
692 1163 744 1228 dei
767 1165 909 1247 potentia
932 1183 1004 1231 oum
1027 1166 1118 1232 Anio
1142 1165 1224 1250 aput

96 1265 222 1330 Niciam
243 1266 395 1347 tenpore,
420 1284 481 1348 quo
502 1285 563 1331 nou
586 1266 689 1331 solum
705 1268 815 1332 contra
830 1269 1059 1352 blasphemiam
1074 1271 1224 1348 uestuum

98 1368 158 1433 sesi
181 1369 214 1432 et
234 1370 345 1434 eontra
359 1387 468 1434 omnes
482 1370 633 1434 haeresos
648 1369 730 1434 fides
746 1371 905 1453 desoripta
922 1374 979 1452 est,
1002 1373 1224 1455 prseuniuerit.

58 1492 84 1531 ιο
96 1492 169 1550 non,
191 1473 331 1554 inquam,
365 1473 555 1538 nobiseum
583 1472 647 1536 iliis
677 1473 964 1556 pseudoepisoopis
997 1475 1133 1541 inimiois
1163 1475 1224 1554 dei,

97 1576 261 1658 magistn's
272 1576 349 1655 tuis,
373 1577 480 1659 aliqua
491 1577 598 1642 'fuerat
608 1578 768 1658 quaestio,
791 1578 957 1644 utiterum
972 1581 1082 1646 eonius
1095 1581 1225 1645 eosdem

97 1680 337 1763 confligeremus
360 1699 438 1762 quos
455 1679 559 1744 semei
581 1682 659 1746 deus
681 1682 848 1764 pepulerat
870 1683 909 1746 de
932 1683 1046 1765 populo
1063 1701 1129 1748 suo.
1160 1683 1225 1747 ita-

98 1805 161 1869 que
184 1804 264 1850 nuno
287 1786 377 1850 uobis
398 1786 506 1849 teoum
529 1785 579 1850 ost
599 1787 690 1865 ratio,
713 1786 790 1869 quia
810 1787 843 1850 te
859 1787 1020 1852 auctorem
1041 1785 1225 1864 institueris,

98 1892 185 1974 quod
200 1891 283 1954 enim
297 1890 490 1955 Athanasius
505 1889 618 1953 fuisset
630 1907 714 1966 reus,
731 1907 825 1971 quem
839 1889 1016 1954 inauditum
1029 1891 1103 1973 quis
1117 1890 1227 1972 punire

62 2006 86 2044 1⁵
98 1993 308 2070 noluerimus,
343 1994 436 2058 homo
470 1993 523 2074 qui
555 1993 655 2056 temet
681 1992 799 2056 isaiam
827 1993 924 2057 seires
952 1992 1068 2058 falsum
1096 1993 1133 2057 ut
1159 1993 1228 2058 iera

98 2097 234 2162 inmanis
260 2115 299 2160 ue
327 2096 422 2161 belus
450 2097 582 2178 coepisti
611 2113 668 2161 nos
696 2115 770 2160 oum
792 2095 965 2161 Athanasio
995 2096 1080 2160 uelle
1107 2096 1226 2178 punire,

99 2203 264 2283 tammam
274 2199 472 2265 frendoribus
482 2201 547 2265 tuis
559 2201 660 2282 possis
672 2219 837 2268 seruorum
850 2199 901 2264 dei
914 2201 1056 2284 uigorem
1069 2217 1225 2282 soporans.

99 2305 178 2368 huet
198 2305 282 2368 enim
305 2303 453 2369 Salomon
476 2303 579 2367 diost:
602 2305 686 2386 repis
706 2306 815 2370 minse
836 2305 958 2370 seniles
972 2308 1049 2368 sont
1061 2302 1228 2386 poeotes

100 2409 210 2489 teonis,
231 2409 338 2472 tumen
360 2407 498 2488 gemitus
517 2406 567 2470 tui
588 2405 704 2471 leonini
727 2407 837 2472 eontra
858 2425 914 2472 nos
937 2408 1053 2472 habere
1076 2406 1226 2470 uirisutom

63 2530 162 2579 eonon
184 2512 339 2595 poterunt.
364 2515 483 2594 quaro?
506 2511 580 2593 quia
602 2511 647 2576 sis
661 2512 697 2574 tu
712 2528 898 2593 praecursor
914 2510 1100 2589 antichisti,
1125 2511 1157 2574 et
1171 2528 1227 2574 nos

102 2636 211 2683 sumus
233 2616 351 2684 milites
373 2615 500 2681 Ohristi.
536 2619 655 2696 quare?
684 2614 758 2697 quia
779 2614 922 2679 homines
945 2614 996 2678 dei
1018 2613 1145 2678 uinoere
1168 2630 1228 2677 nou

51 2759 54 2763 -
101 2722 212 2785 soleas
242 2721 278 2783 tu
300 2718 483 2801 perseeutor
511 2717 579 2782 eius
608 2716 779 2799 religionis.
824 2717 901 2781 item
930 2716 991 2781 aiio
1019 2718 1099 2794 loeo,
1134 2716 1229 2797 usse,

101 2824 213 2907 inquit,
236 2824 368 2888 interest
388 2823 475 2887 inter
495 2823 603 2886 minos
623 2823 708 2905 repis
730 2827 759 2886 et
780 2822 867 2886 irem
888 2820 997 2885 teonis.
1022 2820 1098 2903 quid
1112 2821 1171 2885 hoo
1189 2818 1229 2883 ed

103 2930 154 2994 dei
178 2946 296 3005 seruos,
320 2927 372 3009 qui
396 2928 522 3008 praeter
544 2924 639 2989 deum
661 2925 818 2988 neminem
842 2942 910 2987 esso
925 2922 1101 2987 uouendum
1125 2922 1228 2986 statu-

65 3051 91 3090 ss
104 3033 229 3109 erimus,
253 3032 306 3113 qui
327 3032 358 3095 iu
381 3050 476 3095 manu
493 3030 545 3094 dei
560 3030 680 3094 animas
701 3028 821 3110 positas
836 3026 959 3089 nostres
974 3026 1231 3089 meminerimus?

103 3135 234 3218 possunt
254 3135 379 3216 rugitus
400 3135 473 3198 tuos
488 3134 601 3197 umere
616 3131 771 3197 ooarrisni
786 3130 843 3208 tui,
868 3130 942 3212 quia
957 3130 1020 3194 sint
1035 3129 1101 3193 sine
1117 3127 1230 3192 uetitis

105 3240 165 3318 dei,
189 3238 263 3323 qnia
286 3239 350 3303 sint
370 3238 498 3303 minime
523 3255 610 3300 arma
633 3236 684 3299 dei
705 3234 815 3297 induti.
840 3234 981 3297 osterum
998 3230 1049 3296 dei
1065 3230 1229 3295 domestioi

104 3346 243 3411 ridemus
270 3345 394 3427 rugimus
421 3344 493 3407 tuos
520 3340 621 3406 leonis
651 3339 779 3404 similes.
825 3341 943 3419 quare?
976 3336 1050 3419 quia
1076 3334 1176 3399 feram
1197 3334 1230 3397 te

105 3448 339 3530 eognosoentes‚
373 3446 464 3510 ouius
494 3444 617 3526 mugitus
644 3443 760 3506 habore
791 3440 987 3517 describeris,
1016 3438 1176 3502 rideamus
1193 3437 1230 3499 te

69 3563 95 3601 ³⁰
106 3552 207 3633 magis
222 3552 281 3616 sub
296 3550 399 3633 figure
413 3548 547 3614 hominis
563 3546 766 3612 constitutam
787 3545 931 3609 rabidam
953 3542 1051 3607 ierem
1066 3540 1231 3606 sementes

209 3736 318 3791 lProu.
338 3736 379 3798 18,
397 3735 430 3788 21
500 3734 608 3788 ouem.
628 3735 669 3797 10,
688 3733 721 3785 10
797 3729 1005 3795 4Prou.19,5
1083 3728 1116 3781 18
1133 3727 1170 3781 ib.
1189 3727 1231 3789 19,

109 3824 140 3877 H
208 3822 388 3889 ffiffiffih
1008 3848 1011 3853 -

161 3996 174 4047 l
194 3997 257 4066 aput
274 4012 308 4049 os.
328 4000 343 4048 1
436 3992 452 4045 2
470 3993 528 4060 'put
545 4008 580 4045 m.
597 3995 623 4054 1,
642 3988 706 4057 'pud
723 4006 756 4043 m.
776 4004 829 4042 reo.
923 3986 956 4039 14
973 4002 1032 4040 reus
1049 3984 1121 4040 soei.
1141 3982 1234 4036 Titius

110 4101 140 4153 ia
156 4101 240 4167 uotis,
257 4114 330 4153 meus
351 4100 391 4153 Vo
476 4096 563 4166 puniri
580 4095 647 4162 fort.
736 4093 769 4146 15
786 4092 942 4147 uoluerimus
964 4092 991 4145 V
1067 4060 1144 4141 timet
1163 4088 1181 4151 (⁶
1198 4101 1234 4137 m.

109 4187 188 4254 root
259 4185 292 4239 20
308 4185 452 4253 potuerunt
468 4183 536 4249 fort.
616 4180 650 4233 23
667 4179 759 4249 inquid
777 4196 811 4236 ou.
826 4184 859 4275 1ι
926 4175 1162 4243 26mgitosm.1

111 4288 163 4340 sint
175 4288 285 4357 scripsi,
303 4287 362 4341 sitis
378 4288 418 4341 Vo
486 4286 519 4339 28
537 4285 637 4354 rugitus
655 4287 717 4337 m.1
787 4282 877 4336 leones
896 4280 910 4349 (¹
932 4298 965 4334 m.
984 4279 1048 4345 reo.)
1071 4278 1102 4340 V,
1126 4274 1197 4329 leoni
1216 4291 1235 4327 o

160 4389 241 4444 xum
1111 4377 1128 4430 8
