3050 5000
298 281 342 348 34
522 280 635 336 Luciferi
653 279 686 334 de
704 296 757 336 non
774 277 954 334 conueniendo
971 294 1031 333 cum
1047 277 1195 334 haereticis.

299 471 500 537 tenebrarum
521 469 559 535 in
581 473 746 535 oetermo
768 473 932 536 serootm
952 473 1005 534 est.
1052 467 1085 534 et
1106 467 1204 533 infra:
1233 486 1290 534 uos
1314 469 1439 548 cutem,

296 576 425 658 fratres,
448 577 629 640 mementote
645 571 888 655 praedictorum
908 590 1089 638 sennonem
1111 571 1151 637 ob
1173 569 1329 656 apostolis
1352 566 1437 633 Iesu

299 675 433 760 Christi,
448 677 599 760 qnoniam
611 675 775 742 dicebant:
790 677 827 741 in
838 674 1024 741 moissimis
1037 675 1147 742 diebos
1158 679 1254 742 erent
1263 674 1438 754 inrisores,

299 783 408 846 motos
430 779 600 846 mondum
621 779 804 844 ootoototes
825 789 903 845 suos
924 778 1052 864 impios.
1074 777 1108 843 toi
1132 783 1206 843 scot
1227 781 1438 857 secernentes,

300 881 460 948 animatos
477 883 627 964 spiritum
649 902 715 948 ooo
737 881 894 948 habentes.
938 881 971 946 in
998 881 1048 948 his
1070 880 1216 948 omnibns
1236 879 1335 946 malis
1360 878 1470 962 qnia⁵

302 1004 371 1051 esse
394 986 581 1067 conspectus
606 1004 649 1064 ee,
674 983 849 1064 Constanti,
872 984 993 1050 uitatae
1010 985 1083 1050 sunt
1098 1005 1117 1050 a
1133 985 1222 1051 nobis
1236 985 1315 1049 tuae
1331 983 1438 1048 inter-

302 1087 397 1154 ficere
419 1087 600 1154 laborantes
623 1087 793 1165 amicitiae,
818 1107 856 1152 ne
879 1087 1031 1153 uidelicet
1057 1088 1165 1154 tecum
1194 1087 1235 1152 ad
1263 1087 1325 1152 illa
1354 1087 1439 1152 fnis-

302 1209 408 1255 semus
436 1189 637 1273 praecipitati
665 1188 737 1254 loca
765 1189 1009 1270 tormentorum,
1041 1190 1081 1254 ad
1111 1210 1191 1274 quae
1220 1209 1336 1256 omnes
1364 1191 1439 1256 illos

301 1311 433 1376 quorum
454 1293 566 1358 tenens
590 1312 623 1358 es
645 1292 705 1357 iter
726 1294 834 1358 narrat
855 1293 1044 1378 praecipites
1068 1293 1169 1359 datos.

403 1479 417 1532 1
436 1477 494 1534 Iud.
513 1478 537 1544 1,
557 1477 659 1533 17-19

352 1652 370 1704 4
388 1667 416 1704 se
430 1656 498 1720 poet
515 1653 680 1706 secernentes
699 1649 766 1707 ooo.
779 1651 919 1710 menno
1006 1653 1022 1706 5
1040 1652 1082 1708 his
1100 1669 1123 1708 s.
1142 1653 1159 1710 i.
1178 1659 1246 1710 nel
1343 1657 1360 1708 ‘i
1381 1657 1444 1710 ami-

299 1737 380 1808 titiae
483 1735 530 1792 u'c
550 1736 582 1790 de
600 1748 661 1791 ποι
678 1740 921 1808 consenescatis!
936 1739 964 1808 (o
982 1754 1017 1796 ea
1034 1754 1077 1796 nu
1088 1744 1170 1808 corr.)
1188 1755 1250 1796 con
1267 1744 1442 1798 mencines

302 1837 431 1879 exeneis
