3050 5000
472 407 514 459 De
532 408 623 459 saneto
641 405 788 459 Athanasio
805 405 873 460 liber
889 406 910 461 I.
1196 407 1257 474 103

130 597 203 660 sunt
225 593 279 677 qui
300 593 416 657 fuerint
438 612 510 657 eum
532 593 732 658 Hieroboam.
767 597 797 658 et
816 593 983 680 habitauit,
1007 595 1108 678 inquit
1130 597 1160 660 in
1175 597 1255 661 libro

130 698 268 762 seeundo
294 696 562 778 Paralipomenon,
586 697 712 780 [osefat
740 699 777 762 iu
799 699 1010 782 iherusalem,
1040 705 1068 764 et
1089 719 1257 765 eouuersus

128 807 173 868 est
194 807 223 866 et
244 803 321 866 eaiit
343 803 380 864 iu
396 803 518 882 papula
542 822 563 864 a
584 801 741 866 Bersabee
762 823 860 884 usque
883 803 926 867 ad
948 807 1082 866 merrtem
1104 803 1255 884 Ephrem,

128 911 156 970 et
178 906 335 970 eouuertit
356 925 404 969 eos
426 907 469 970 art
490 905 654 969 domiuum
675 905 768 970 deum
784 911 920 988 patrum
936 925 1076 972 suoruru.
1101 910 1130 970 et
1144 906 1257 970 statuit

98 1009 249 1074 tiudices
269 1009 307 1072 iu
329 1008 473 1072 omuibus
494 1009 677 1072 ciuitatibus
699 1009 786 1073 Iuda
814 1011 949 1074 muuitis
977 1015 1005 1074 et
1029 1029 1089 1090 per
1110 1007 1255 1089 siuquias

128 1113 282 1177 ciuitates.
305 1111 575 1177 diuitiudieitus:
596 1113 699 1177 uidete
721 1113 799 1194 quid
821 1114 909 1178 uobis
930 1114 1071 1195 facietis·
1092 1131 1156 1175 uou
1171 1113 1256 1175 euim

127 1216 250 1280 homiui
271 1215 463 1292 iudicabitis,
486 1217 540 1281 sed
561 1215 701 1293 umine,
732 1220 762 1280 et
783 1215 943 1280 uobiseuru
974 1219 1016 1281 est
1038 1217 1075 1279 iu
1097 1214 1198 1279 uerbo.
1229 1219 1257 1278 et

128 1339 215 1384 uuue
236 1319 279 1383 sit
301 1319 395 1382 timor
415 1319 539 1382 domiui
561 1337 655 1400 super
669 1340 734 1403 uos,
758 1325 786 1385 et
801 1321 931 1385 seruetis
946 1325 974 1385 et
987 1320 1136 1401 fae·iat·is;
1158 1335 1256 1398 aeque

129 1424 214 1488 euim
242 1426 302 1486 est
315 1441 387 1486 eum
413 1422 541 1486 domiuo
567 1422 622 1486 deo
650 1427 756 1487 uestro
788 1424 946 1504 iniquitas
975 1441 1072 1504 ueque
1102 1441 1257 1502 personae

82 1535 113 1574 1⁰
128 1527 268 1606 aeeeptie
290 1545 388 1606 neque
408 1545 576 1589 munerum
598 1527 745 1606 acceptio.
791 1530 819 1589 et
849 1527 973 1607 quidem
994 1525 1031 1588 iu
1054 1523 1257 1588 Hierusalem

128 1629 242 1695 statuit
263 1629 392 1711 Iosafat
414 1629 452 1693 de
475 1630 581 1693 teuitis
602 1633 632 1692 et
652 1629 863 1694 sacerdotibus
884 1633 913 1692 et
929 1628 1136 1711 principibus
1152 1627 1256 1692 lsrael

127 1736 167 1798 iu
188 1733 344 1798 iudicium
364 1733 490 1797 domiui
519 1737 548 1797 et
577 1732 722 1797 iudicare
744 1732 924 1796 habitantes
946 1733 983 1795 iu
1005 1731 1190 1796 Ierusateue.
1228 1736 1255 1794 et

128 1837 300 1902 mauduuit
321 1857 415 1918 super
437 1855 488 1901 eos
509 1835 631 1902 diceus:
652 1837 701 1900 ita
722 1835 850 1916 facietis
871 1837 908 1900 iu
930 1837 1041 1899 tiuare
1063 1834 1195 1917 domiai,
1219 1834 1256 1897 iu

128 1941 219 2006 eorde
236 1941 391 2023 perfecta
413 1945 441 2004 et
464 1960 555 2004 omae
576 1939 734 2004 iudiciuae
756 1939 839 2020 quod
860 1943 1020 2020 accepturu
1042 1937 1140 2018 fuerit
1163 1957 1258 2018 super

83 2061 114 2102 15
129 2064 187 2109 aas
210 2065 231 2108 u
252 2043 411 2126 fratribus
431 2044 558 2126 uestris,
581 2044 638 2124 qui
660 2041 809 2107 habitarat
824 2044 859 2105 iu
875 2040 1058 2107 ciuitatibus
1073 2041 1149 2119 suis,
1174 2041 1258 2104 iuter

128 2146 267 2213 medium
289 2147 459 2229 seuquiuis
480 2150 509 2209 et
530 2146 710 2228 seuquiuia
733 2147 819 2210 iuter
842 2145 980 2209 medium
995 2144 1080 2227 ie9is,
1104 2145 1140 2207 iu
1161 2163 1256 2206 ruau-

129 2252 215 2315 datis
236 2271 274 2314 aa
296 2248 574 2325 iustificationibus
596 2253 625 2312 et
646 2249 690 2312 ad
711 2249 845 2314 iudicia.
874 2251 904 2312 et
925 2248 1127 2328 distiuauetis
1150 2248 1205 2322 eie,
1229 2250 1257 2309 et

129 2375 195 2418 uou
214 2354 387 2435 peeeabuut
408 2352 544 2436 domiuo,
569 2356 597 2415 et
622 2351 726 2437 <aeu>
751 2353 812 2415 erit
834 2351 887 2415 ira
910 2371 1005 2431 super
1019 2369 1076 2414 uos
1090 2355 1118 2413 et
1140 2349 1258 2430 fratres

83 2506 86 2509 -
129 2463 259 2523 uestros.
283 2459 328 2522 sie
350 2456 455 2538 faetta,
484 2459 514 2520 et
534 2474 599 2519 uou
615 2455 796 2537 peccabitis.
841 2475 904 2521 eece
926 2456 1083 2520 Ameriae
1111 2453 1258 2519 sacerdes

84 2578 114 2618 ao
127 2562 278 2643 priueeps
300 2580 396 2643 super
417 2580 475 2625 uos
495 2561 533 2623 iu
547 2580 636 2624 uuae
649 2561 778 2625 uerbum
801 2562 933 2644 domiui,
958 2565 986 2625 et
1002 2560 1155 2625 lebadiae
1168 2560 1258 2641 fitius

131 2664 260 2729 Zmabet
281 2666 338 2745 qui
358 2665 509 2745 priueeps
536 2669 583 2729 est
603 2665 713 2727 domui
736 2663 823 2728 Iuda
844 2665 881 2727 iu
903 2684 992 2728 ouue
1013 2662 1142 2727 uerburu
1164 2664 1256 2746 reqis,

130 2773 161 2833 et
175 2769 296 2833 soritae
311 2771 342 2831 et
356 2767 471 2831 teuitae
485 2768 523 2830 iu
538 2772 705 2847 eouspeetu
718 2771 830 2830 uestro.
864 2768 1090 2847 coufortaruiui
1105 2770 1133 2829 et
1150 2767 1255 2850 saeite,

131 2877 160 2936 et
182 2873 243 2935 erit
264 2872 412 2935 domiuus
433 2871 593 2935 uobiseuur
609 2892 680 2933 euru
695 2872 780 2933 boue.
802 2888 805 2893 ·
819 2870 971 2952 numquid
988 2870 1066 2933 dixit
1083 2870 1122 2933 ad
1138 2870 1256 2933 domini

131 2974 317 3040 sacerdotes
339 2972 393 3038 uel
416 2974 456 3037 ad
478 2974 567 3056 regni
591 2974 640 3038 sui
661 2973 817 3055 principes
841 2974 893 3037 uel
917 2974 957 3038 ad
973 2975 1094 3038 eeteros
1117 2974 1254 3037 iudices:

84 3090 114 3131 2⁵
130 3079 333 3143 eouderuuate
353 3080 485 3160 iustum,
504 3077 736 3158 persequimini
750 3079 954 3156 iuuoeeuteu,
979 3076 1138 3151 dauuate,
1162 3077 1256 3139 iuter·

128 3182 214 3265 riute
234 3201 337 3245 omues
358 3181 515 3245 eredentes
538 3182 574 3243 iu
595 3180 713 3245 deum?
756 3180 908 3262 numquid
932 3178 1025 3242 dixit:
1050 3183 1154 3242 aruate
1176 3180 1256 3259 quod

128 3304 195 3349 uou
212 3290 301 3349 amat
314 3285 398 3367 deus,
415 3285 496 3348 odite
510 3284 680 3359 iustitiam,
696 3284 823 3367 ditiyite
837 3283 1042 3361 iuiustitiau‚
1067 3282 1159 3346 aienti
1177 3280 1255 3346 dieis

128 3390 186 3454 tn?
210 3389 265 3453 aut
285 3387 438 3469 numquid
460 3405 575 3469 negare
597 3387 714 3467 poteris
736 3388 769 3449 te
787 3386 918 3450 dixisse:
942 3387 1091 3449 daruuate
1105 3384 1255 3449 Attaua-

128 3494 214 3557 sium
236 3494 392 3557 atseuteru
413 3492 624 3555 inauditum?
668 3490 818 3571 iosaphat
848 3491 904 3554 deo
929 3489 1052 3553 dicatus
1081 3507 1134 3552 rer
1158 3487 1255 3552 Iudae

84 3615 113 3654 eo
129 3596 209 3659 dieit
231 3594 405 3659 secundnm
428 3594 543 3658 domini
566 3593 770 3657 indicandum
792 3593 907 3675 legem,
933 3594 964 3656 et
984 3594 1021 3655 tu
1037 3592 1115 3657 dieis
1131 3593 1161 3655 in
1178 3610 1254 3673 apo-

129 3701 260 3765 stasiam
283 3716 454 3764 conuersus
475 3716 547 3760 rer:
571 3698 722 3761 damuue
743 3697 940 3762 iuaudituru.

231 3941 244 3992 1
263 3938 289 3992 11
306 3939 366 3993 Par.
385 3940 426 4001 19,
444 3939 527 3990 4-11

180 4164 193 4217 l
211 4162 318 4216 fuerunt
336 4180 351 4214 v
419 4159 511 4228 inquid
528 4166 590 4213 uel
660 4159 815 4226 3bersabee
884 4159 976 4228 ephem
1044 4158 1186 4210 5munitas

125 4253 142 4306 6
160 4267 208 4304 uos
225 4245 313 4303 facitis
332 4248 469 4301 Latiuiue
565 4248 598 4300 18
616 4243 668 4301 non
687 4264 736 4300 ora.
753 4248 800 4315 Va,
819 4248 886 4299 add.
906 4247 991 4301 Coteti
1085 4244 1119 4296 20
1138 4244 1256 4313 Ζαβδίας

123 4337 186 4396 υἱὸς
199 4331 309 4403 Ἰσμαήλ
327 4334 415 4387 LXX
483 4334 514 4386 21
535 4340 610 4387 omne
629 4352 663 4388 rra.
682 4340 696 4387 1
