3050 5000
333 324 399 389 216
825 323 979 378 Luciferi

335 512 496 591 miramur,
521 514 643 593 sinos,
667 532 705 578 ex
727 532 788 596 quo
811 513 960 579 receditis
983 533 1002 579 a
1026 514 1076 579 dei
1100 514 1280 592 uoluntate,
1309 515 1337 579 et
1355 514 1426 581 iacere

335 632 397 679 non
421 615 564 682 desinitis
587 617 779 682 desiderium
804 617 930 695 diaboli,
956 618 1035 682 hene
1057 618 1148 683 uobis
1171 616 1242 681 fieri
1265 620 1426 699 poscentibus

337 720 433 785 deum
456 720 549 803 atque
573 720 772 802 cupientibus
802 720 1046 803 repraesentetis
1074 721 1173 797 mala,
1210 720 1425 803 quandoquiden

337 822 380 887 sit
402 823 491 888 uobis
513 823 642 887 insitum
663 824 747 887 male
777 842 887 906 agere,
923 823 1037 906 quippe
1061 825 1115 906 qui
1138 843 1156 887 a
1177 824 1261 889 hono
1286 824 1325 887 ad
1344 826 1426 888 maim

337 924 476 989 feceritis
497 925 675 1002 transitum,
699 926 757 990 hoc
783 925 887 991 estad
905 924 1073 991 diabolum.
1099 926 1125 991 si
1141 945 1197 991 nos
1213 927 1250 990 tu
1270 928 1442 1009 persequenter

339 1026 506 1109 diligentes
533 1028 582 1105 te,
618 1029 722 1093 omnia
748 1029 807 1094 tihi
838 1048 962 1093 summa
992 1029 1153 1112 cupientes
1187 1029 1363 1112 prouenire,
1389 1050 1426 1093 non

337 1148 487 1213 magnum
502 1150 559 1195 nec
575 1150 701 1209 nouum,
726 1132 851 1213 qnando
868 1131 899 1195 et
921 1132 1017 1197 istum
1033 1131 1184 1197 Samuhel
1206 1132 1379 1215 prophetam
1395 1133 1425 1195 at

339 1251 399 1314 que
422 1234 619 1299 sacerdotem
643 1233 761 1298 domini
785 1234 862 1299 Saul
883 1233 978 1299 luerit
999 1236 1192 1315 persecutus.
1217 1234 1425 1316 persequebatur

340 1354 427 1414 eum,
462 1356 517 1419 per
540 1356 634 1418 quem
658 1338 689 1400 et
712 1337 744 1400 in
767 1355 875 1419 regem
905 1338 1018 1404 unctus
1045 1338 1149 1401 iuerat
1178 1338 1211 1401 et
1242 1337 1329 1401 ouius
1351 1356 1425 1418 preces

340 1439 381 1503 ad
410 1440 570 1504 dominum
597 1440 664 1522 iugi
693 1440 909 1505 obsecratione
935 1440 1143 1523 dirigerentur
1164 1460 1221 1523 pro
1250 1438 1442 1503 incolumitati

338 1541 448 1624 utique
476 1543 569 1606 istius
596 1543 817 1624 persecutoria.
853 1543 879 1609 si
908 1544 997 1608 nobis
1027 1562 1087 1608 non
1116 1544 1221 1608 credis
1251 1542 1350 1607 dolere
1369 1542 1425 1605 nohis

339 1644 556 1709 sacerdotibus
579 1645 630 1709 dei
651 1666 706 1728 pro
728 1647 771 1722 te,
795 1647 961 1728 propterea
984 1647 1067 1728 qnod
1090 1648 1195 1712 tantas
1219 1646 1356 1711 hauseris
1370 1664 1425 1708 erro·

338 1765 410 1811 rum
431 1748 587 1826 tenebras,
612 1748 695 1829 quod
719 1749 763 1812 sic
787 1748 887 1813 temet
910 1748 953 1813 sis
976 1749 1129 1827 mactans,
1155 1750 1215 1815 deo
1241 1749 1352 1813 dicenti
1365 1748 1424 1811 crede

342 1848 383 1912 ad
405 1848 555 1915 Samuhel
578 1851 704 1933 propter
727 1850 820 1916 Saul:
843 1871 1001 1933 usquequo
1029 1853 1114 1936 tupes
1136 1857 1172 1916 tu
1199 1854 1238 1916 iu
1267 1850 1364 1917 Saul?
1387 1870 1424 1913 ure

340 1975 395 2038 epo
416 1956 535 2037 expelto
556 1956 649 2021 ittum
671 1977 711 2021 uc
732 1959 841 2039 repuct
862 1976 958 2039 super
980 1957 1094 2037 Israel,
1123 1956 1154 2020 et
1171 1974 1282 2037 supra:
1305 1959 1330 2019 et
1343 1954 1440 2035 (odunt

340 2062 385 2123 est
406 2060 535 2124 uerbum
550 2060 672 2124 mutui
686 2060 730 2124 ad
747 2056 898 2126 Samuhel
912 2061 1036 2127 diceus:
1052 2062 1196 2143 pueraitct
1219 2079 1269 2124 rue
1290 2058 1363 2141 quod
1379 2076 1423 2121 cu·

338 2161 497 2225 stituerc‘uc
526 2182 626 2246 repeuc
649 2161 746 2245 Saul,
781 2164 934 2243 quonium
962 2182 1095 2227 auersam
1120 2167 1163 2227 est
1192 2184 1214 2227 u
1243 2184 1292 2227 me
1322 2166 1347 2225 et
1364 2159 1424 2224 uerbo

340 2283 413 2328 mec
434 2286 499 2329 uou
521 2268 692 2331 statuite
693 2266 893 2331 teoutristat
893 2286 931 2331 us
953 2271 997 2331 cst
984 2265 1229 2333 ttSaruubetc
1215 2260 1424 2331 tctcuuudct

339 2368 573 2433 domiuumt
530 2374 573 2433 tot
574 2391 596 2434 u
616 2374 755 2435 uocteet
778 2374 851 2435 autc
880 2371 989 2435 turcus.
1028 2388 1100 2435 cum
1128 2371 1205 2434 haec
1239 2388 1313 2451 prop
1314 2368 1357 2431 ter
1314 2362 1424 2430 tSanl

340 2487 425 2552 regrs
436 2470 634 2539 mcolumr
586 2475 685 2538 ttem
699 2473 850 2540 Samuhel
862 2474 1009 2541 sacerdos
1023 2474 1132 2556 egerit,
1149 2474 1258 2538 amen
1271 2471 1368 2552 Saul
1370 2468 1439 2534 osten

340 2578 588 2656 persequebatur
604 2578 805 2642 Samuhelem
827 2597 884 2643 nec
908 2596 1100 2661 cognoscens
1122 2578 1218 2641 miser
1236 2573 1423 2660 quodpropte-

342 2678 410 2743 tam
433 2681 527 2762 atque
551 2681 749 2746 sacerdotem
771 2682 1012 2763 persequeretur
1035 2681 1166 2756 domini3
1194 2681 1243 2744 ita
1267 2681 1297 2744 et
1317 2677 1372 2742 tu
1365 2692 1422 2757 rgn-

341 2799 415 2845 rans
444 2782 521 2863 quid
550 2783 669 2848 faciens
696 2785 740 2848 sis
772 2785 971 2868 persequeris
1000 2804 1071 2862 nos,
1107 2784 1160 2866 qui
1189 2784 1222 2847 te
1253 2783 1368 2865 placere
1390 2777 1423 2838 dec

343 2883 523 2967 cupiamus,
559 2888 591 2950 et
619 2906 706 2952 amas
730 2907 794 2965 eos,
818 2887 871 2971 qui
900 2906 1008 2953 secum
1030 2890 1062 2952 te
1087 2888 1127 2952 ad
1151 2887 1312 2952 aeternam
1331 2881 1422 2946 morton

341 2988 483 3065 trahant,
515 2989 555 3052 ad
576 2991 759 3072 perpetuam
784 2990 900 3056 domini
923 2990 1439 3073 offensam;indigna1iscureum

343 3092 464 3171 audias,
488 3112 561 3157 cum
577 3094 688 3158 uideas
704 3093 856 3159 Samuhel
871 3094 1069 3160 sacerdotem
1086 3093 1203 3158 domini
1226 3111 1288 3158 non
1305 3087 1421 3155 adulatum

341 3196 418 3278 regi.
455 3216 493 3261 an
516 3197 668 3278 numquid
691 3197 842 3262 decuerat
865 3197 952 3261 aliud
972 3215 1192 3279 praecessores
1215 3195 1346 3268 nostros,
1369 3187 1410 3252 aliu

341 3316 398 3362 uos
415 3304 529 3381 agere?
552 3319 607 3364 cur
628 3300 687 3365 tibi
710 3319 787 3364 uera
811 3299 962 3376 dicamus,
987 3299 1112 3382 superbi
1134 3299 1193 3364 tibi
1216 3299 1391 3370 mdemnu
1391 3287 1410 3350 hi

342 3401 466 3465 anobis
482 3401 619 3467 audisti?
641 3421 754 3484 nempe
778 3402 861 3484 qnod
885 3403 1043 3468 homicida
1065 3405 1117 3466 sis.
1142 3401 1168 3466 si
1191 3394 1421 3474 mentiuntur

344 3505 579 3583 contumeliosi,
614 3506 688 3571 tunc
712 3507 840 3588 superbi
860 3507 947 3572 recte
972 3506 1105 3571 dicimur
1129 3523 1147 3568 a
1168 3505 1218 3578 te3
1255 3505 1283 3569 si
1302 3509 1421 3564 ιιιιοιιι
1393 3500 1439 3555 ιιι

344 3605 488 3671 dicamus
511 3626 634 3687 ueram,
665 3628 725 3674 non
748 3627 857 3674 sumus
881 3609 1114 3686 contumeliosi,
1144 3607 1201 3673 sed
1224 3607 1258 3672 hi
1282 3604 1329 3688 qui
1349 3597 1419 3664 inite·

445 3812 478 3866 ιι
495 3814 508 3868 ι
525 3814 589 3881 eug.
609 3815 650 3879 rc,
670 3815 685 3869 1
757 3816 790 3868 15
808 3815 845 3870 n.
866 3815 905 3879 15,
926 3816 966 3870 ro.
986 3815 1016 3868 n

393 3983 619 4053 intingerentur
639 3985 670 4052 V,
688 3983 903 4054 dirigebanturu
1006 3985 1185 4040 incolomitate
1290 3981 1319 4035 14
1334 3980 1420 4046 pompus

341 4069 461 4137 Lucifer
479 4086 614 4138 suprap
635 4074 715 4134 41,4
815 4072 847 4125 16
866 4069 1026 4126 samuhelem
1043 4071 1078 4125 c'b.
1094 4088 1124 4140 p.
1142 4074 1186 4134 39,
1205 4073 1245 4124 29
1334 4062 1359 4116 19
1372 4056 1418 4110 dium

342 4156 378 4209 ib.
392 4172 424 4224 p
440 4159 484 4224 39,
502 4159 536 4209 31
645 4153 679 4207 26
703 4154 838 4209 adulatum
949 4155 982 4208 27
1001 4171 1098 4209 annum
1123 4135 1418 4225 (annumerabat)

342 4240 406 4308 quid
426 4243 457 4311 V,
475 4242 599 4296 animum.
619 4239 722 4306 Quidu
792 4242 858 4294 aliut
876 4241 918 4296 bia
