3050 5000
288 409 292 416 -
348 372 390 426 De
407 388 460 426 non
477 372 608 441 parcendo
627 372 656 425 in
672 371 750 425 deum
768 370 988 439 delinquentibus.
1169 368 1232 435 255

101 560 202 628 cuius
228 560 271 628 sis
299 562 409 627 tenens
431 560 492 625 iter
513 559 640 639 mortis,
673 559 809 625 multum
835 558 868 623 te
896 557 1050 625 insulsum
1073 562 1229 640 ostendes,

102 663 162 745 qui
186 664 268 730 uelis
288 663 347 729 hoc
371 682 441 731 esse
461 662 546 746 quod
566 662 629 727 fuit
655 662 709 730 ille
727 663 874 732 dudaeus
895 663 1166 747 pseudopropheta
1200 666 1231 731 ct

100 766 190 831 nolis
211 767 243 831 te
266 765 330 831 illis
352 765 505 831 nominari
526 764 689 833 uoccuuus
704 766 871 844 nominum
894 766 1006 848 quibus
1021 766 1116 831 luerit
1131 770 1163 833 et
1177 768 1230 834 ille

102 869 253 934 uocatus.
289 869 406 940 iterum
427 869 460 935 et
479 869 587 935 hortor
600 868 642 932 et
665 868 825 950 deprecor,
848 868 885 933 ut
907 868 939 933 et
959 887 1089 949 moneo,
1115 871 1152 937 ut
1173 872 1231 937 tibi

73 971 192 1037 suelis
220 972 398 1051 consulere,
431 991 471 1037 ne
495 972 677 1040 aeternale
701 972 836 1053 accipiet
863 989 972 1054 poene.
1011 972 1037 1037 si
1067 973 1148 1045 enim
1176 974 1231 1039 ille

99 1075 153 1139 ita
176 1075 293 1141 mouit
314 1075 486 1153 excaecari,
516 1074 591 1157 quio
610 1075 776 1157 temptes-it
795 1075 954 1153 resistere,
983 1075 1128 1158 conspice
1151 1096 1230 1159 quse

101 1177 167 1243 tibi
190 1177 376 1255 homicidae,
400 1197 480 1261 quoe
504 1177 667 1265 sacrilego,
691 1176 880 1243 destructori
903 1178 953 1243 dei
975 1178 1134 1260 religionis
1156 1194 1231 1262 pos·

106 1279 176 1345 sint
196 1280 284 1348 mole
304 1280 534 1363 repraesentari
556 1281 589 1346 et
609 1279 641 1343 in
656 1281 715 1348 bec
730 1280 799 1348 uite
815 1280 847 1343 et
860 1280 891 1345 in
906 1279 1099 1362 perpetuum.
1123 1282 1230 1364 accipe

108 1382 216 1447 adhuc
246 1401 284 1447 eo
312 1402 393 1465 quae
420 1384 452 1447 te
480 1382 616 1449 formare
643 1383 778 1467 possunt
805 1401 865 1449 nou
896 1401 964 1449 esse
990 1384 1232 1451 contumeliosos

63 1501 92 1540 1⁰
104 1503 183 1564 nos,
212 1485 270 1551 sod
297 1505 438 1551 uersces.
476 1485 630 1554 Antiocho
661 1486 782 1569 septem
812 1485 860 1554 illi
882 1485 1098 1568 gloriosissimi
1119 1487 1232 1555 betros

106 1588 304 1669 restiterunt,
333 1608 444 1673 nempe
466 1590 504 1654 ut
524 1607 605 1656 nuuc
627 1590 686 1655 tibi
707 1608 765 1655 nos
786 1588 969 1655 restitimus.
1007 1589 1114 1673 legisti
1137 1609 1231 1672 quer·

107 1692 163 1755 tus
187 1691 262 1774 quid
283 1691 481 1774 responderit
502 1691 721 1773 conpestilenti
742 1691 808 1769 tuo,
832 1691 886 1772 qui
906 1710 957 1755 me
973 1692 1233 1760 contumeliosum

110 1794 253 1878 dignans
275 1795 450 1875 clamitare,
473 1796 547 1879 quie
570 1795 674 1863 dicam
694 1795 754 1861 tibi
777 1795 860 1879 quod
878 1795 938 1859 nisi
953 1814 1122 1861 conuersus
1137 1796 1233 1863 fueris

110 1897 286 1977 addeum,
319 1898 351 1963 in
376 1898 537 1966 aeteruum
560 1898 603 1963 sis
624 1897 825 1974 interiturum
859 1916 970 1981 nempe
1001 1897 1093 1963 dicit:
1124 1901 1234 1979 portos

67 2016 95 2056 1⁵
109 2004 157 2065 est
184 2002 223 2065 ob
251 2001 432 2067 homiuibus
461 2004 556 2069 morti
584 2001 674 2073 dolos
700 2021 787 2085 spem
808 2005 976 2091 ¹eccpectcrc
997 2021 1020 2067 o
1042 2001 1097 2066 deo
1119 2002 1234 2079 iterum

111 2103 153 2168 ub
174 2105 245 2187 spec
268 2105 470 2187 resosouari5
490 2105 550 2171 tibi
571 2106 657 2171 euim
678 2105 866 2169 resuwectc'o
887 2104 931 2169 ad
952 2104 1054 2169 uitam
1076 2124 1142 2169 coeo
1163 2104 1233 2169 erit.
1365 2160 1368 2165 .

111 2207 140 2273 si
163 2227 183 2272 a
203 2207 293 2273 nobis
314 2208 350 2273 tu
371 2208 522 2293 11111111
543 2207 635 2275 sudis
657 2206 741 2291 quod
764 2207 805 2272 ad
826 2207 926 2271 uitem
956 2206 998 2273 sis
1026 2206 1232 2271 resurrectio-

86 2330 186 2377 nem
207 2330 268 2377 non
291 2312 493 2394 accepturus,
524 2312 604 2380 siin
626 2313 686 2375 buc
708 2309 931 2379 incredulitate
951 2309 1119 2389 manseris,
1151 2308 1234 2391 qnod

111 2432 174 2479 non
197 2414 238 2479 ad
258 2415 414 2498 requiem,
448 2414 505 2481 sed
528 2414 570 2483 od
589 2432 723 2498 poenam
746 2413 789 2479 sis
811 2412 1043 2481 resurrecturus
1067 2410 1233 2493 sempiter-

70 2528 98 2566 ²⁰
112 2538 204 2598 num,
240 2539 319 2602 quae
353 2519 544 2584 contumelio
576 2519 645 2584 est?
683 2518 809 2600 quintus
839 2534 962 2602 quoque
992 2534 1063 2584 cum
1091 2515 1234 2583 admetus

112 2623 226 2688 fuisset
247 2623 280 2688 et
300 2623 445 2702 uexatus,
470 2622 584 2688 dixisse
605 2621 745 2707 loquitur
768 2620 922 2704 scripture
944 2618 1029 2702 regi:
1051 2623 1236 2701 potestatem

114 2730 199 2794 iuter
226 2727 368 2794 homines
388 2727 493 2807 bobes,
524 2747 594 2792 acm
624 2726 670 2794 sis
691 2724 921 2805 corruptibilis,
952 2723 1038 2806 focis
1060 2723 1142 2804 qood
1162 2723 1235 2805 cis;

114 2834 184 2900 noli
205 2837 309 2900 cumn
327 2839 444 2918 potore
465 2850 564 2916 pocus
586 2834 729 2896 codrum
752 2849 774 2896 c
795 2829 851 2897 deo
870 2845 933 2892 csse
953 2825 1149 2893 derelictum.
1166 2845 1231 2907 pu-

116 2942 227 3019 tieoter
248 2940 419 3006 sustinect
445 2935 535 3012 uide,
568 2953 688 3017 mapsa
711 2934 850 3016 poterium
878 2929 969 2994 illius
997 2928 1135 3010 qualiter
1156 2932 1185 2994 to
1207 2932 1235 2992 et

75 3061 103 3100 2⁵
117 3064 219 3110 semes
240 3048 331 3109 tuom
349 3039 514 3126 -torqucbit,
549 3037 624 3121 quid
645 3034 703 3105 tibi
725 3034 861 3112 uidetur,
886 3032 960 3116 quie
980 3030 1038 3096 tuli
1060 3030 1236 3098 constantie

119 3145 169 3214 dei
191 3164 301 3214 seruus
321 3144 467 3212 inuectus
488 3141 584 3209 luerit
610 3141 642 3204 in
669 3139 892 3222 contyrannum
920 3135 1032 3198 tuum?
1055 3132 1234 3214 numquid·

118 3269 191 3316 nam
217 3249 403 3315 iniuriosum
427 3245 524 3313 fuisse
547 3241 700 3313 cultorem
722 3240 774 3309 dei
795 3237 914 3310 ‚dauci
935 3235 1090 3302 iudicabis
1113 3234 1235 3302 curere
1361 3285 1363 3292 Α

118 3354 206 3419 illum
229 3371 306 3418 uera
328 3349 485 3417 dicentem
506 3346 636 3431 negabis
659 3345 837 3428 superbum,
865 3360 923 3408 nec
951 3359 1002 3408 me
1032 3338 1127 3405 debes
1148 3337 1234 3404 iudi-

120 3475 192 3533 care
217 3455 419 3535 insolentem,
449 3452 529 3536 uuio
556 3451 660 3516 dicam
685 3448 743 3514 tibi
764 3467 825 3512 non
849 3443 1021 3526 derelinqui
1044 3461 1100 3513 uos
1124 3461 1142 3506 a
1165 3440 1233 3520 deo,

79 3582 107 3622 so
120 3561 359 3645 propter-,quem
380 3559 459 3624 haec
483 3553 665 3630 sushueom,
687 3552 722 3617 te
736 3550 855 3628 corbo,
877 3548 938 3616 nisi
952 3546 1048 3616 heris
1063 3544 1234 3623 comestus,
1315 3627 1318 3636 Ι

121 3684 190 3731 oum
211 3661 405 3747 corruptibili
427 3659 527 3744 glorie
547 3660 604 3725 tuo
627 3656 668 3723 sd
689 3655 821 3724 nihilum
843 3652 1018 3720 uenturum.
1044 3648 1120 3732 quid
1142 3647 1237 3714 otium

219 3866 296 3921 1411
312 3865 398 3920 111.
417 3865 447 3933 r,·
461 3863 494 3917 14
562 3816 752 3922 1111111

171 4038 327 4096 lostendiv
390 4036 578 4092 ldostructore
645 4030 927 4102 Suscipessbseras.)
998 4027 1030 4082 15
1040 4023 1169 4080 ominibus

124 4131 153 4184 ll
171 4129 193 4182 si
208 4131 272 4182 teo
357 4124 389 4178 19
406 4122 667 4176 resurrecsurecturus
684 4135 717 4172 m.
736 4123 772 4172 1=
839 4116 872 4172 22
893 4113 993 4170 hebens
1011 4113 1077 4178 fort.
1163 4107 1196 4162 28
1215 4109 1238 4162 si

123 4219 192 4272 illum
208 4216 274 4283 fort
352 4227 385 4265 ne
471 4207 503 4262 31
521 4207 660 4259 uenturum
677 4204 747 4259 corsi.
766 4203 912 4264 Latmius,
930 4202 1054 4253 uenturus
1075 4197 1128 4264 Vc‚·
1146 4197 1238 4250 contre

122 4309 149 4360 te
171 4303 213 4374 qui
229 4331 265 4342 -
282 4300 318 4353 sis
336 4298 371 4352 ad
387 4296 499 4350 nihilum
515 4291 730 4349 nonenoeane.
748 4291 835 4346 Colett‘
