3050 5000
1174 420 1237 468 xxl

105 606 180 652 mus
210 607 233 650 o
265 587 323 651 oio
355 586 523 654 dediciis&
560 587 638 652 heec
672 587 789 653 Letinli
821 587 1002 653 coniectura
1035 587 1237 672 simplicitate

100 688 360 768 commendatur,
396 707 469 754 cnm
500 706 574 756 soce
589 689 655 755 ‘nix
682 689 807 756 delendi
830 691 949 772 possit}
980 690 1060 756 inum
1089 692 1130 756 ed
1150 686 1236 758 'sut-

104 791 230 857 iectumu
252 793 415 874 scriptum
436 797 550 858 euscio
570 791 679 858 referri
699 792 819 876 nequit
843 793 929 876 quod
942 792 1010 876 ipe'e
1024 791 1146 860 tenteui
1167 789 1238 860 idos

106 895 134 959 si
156 913 221 961 non
250 894 376 974 falsum,
408 895 441 960 et
463 895 667 961 artificiosum
696 895 745 960 eet
769 900 851 982 (tuos
872 896 893 960 i.
917 915 945 960 e.
968 895 1022 979 qni
1047 896 1096 961 tui
1117 895 1236 963 similos

105 998 208 1080 eunt)
233 1035 276 1048 --
300 997 371 1078 190,
395 999 415 1064 8
437 999 504 1064 otei
531 987 663 1064 noctem
691 999 875 1081 facinorum
896 1002 1024 1064 tuorum
1046 999 1174 1065 creduis
1198 1001 1236 1066 io

105 1119 179 1165 cum
201 1121 294 1183 poem
317 1101 467 1186 nopclols
488 1101 589 1182 fucris
613 1103 804 1182 monotes,
833 1102 922 1166 toties
943 1103 1094 1168 stercoris
1110 1105 1238 1185 percult

99 1203 227 1288 plodio.
268 1203 445 1270 cauendum
472 1203 531 1280 661,
560 1221 599 1268 ne
626 1202 772 1286 suppleto
799 1205 897 1268 uerbo
920 1223 980 1281 es,·
997 1204 1081 1287 quod
1110 1205 1236 1288 saepius

105 1307 213 1372 omitti
236 1325 266 1390 p.
290 1309 356 1372 360*
377 1306 624 1384 obsemouimus‚
653 1306 759 1371 locum
790 1306 929 1389 expediri
951 1306 1072 1387 eredes,
1094 1309 1235 1374 ceterum

106 1409 223 1474 eodem
245 1409 340 1475 modo
363 1409 501 1474 erratum
524 1427 593 1474 esse
622 1409 1253 1497 316,25666666616ν666[6]6166166-

107 1513 264 1595 iolerdcis
290 1513 438 1578 indicaui.
462 1551 504 1562 -·
526 1513 599 1594 217,
623 1513 665 1578 23
686 1514 770 1579 dicis
788 1533 848 1579 nos
865 1515 1054 1599 percluces,
1083 1517 1235 1598 quonism

96 1607 237 1700 'peridem
265 1617 349 1698 pcod
377 1618 472 1702 es[i]
504 1617 561 1682 titi
591 1618 745 1685 disemos.
782 1617 959 1700 praecedit:
982 1639 1064 1701 poce
1084 1623 1113 1684 te
1132 1621 1238 1700 facere

108 1721 271 1786 cemimus
293 1719 369 1785 liceo
392 1720 616 1784 dedicimus
639 1720 838 1804 (dedicimus
862 1719 1037 1799 emendtui',
1065 1721 1237 1788 didicimus

106 1821 161 1902 V),
184 1823 270 1904 quod
292 1842 324 1886 ee
344 1821 401 1886 icoc
423 1826 452 1886 te
473 1841 540 1886 esse
559 1822 735 1888 ciomoruce
762 1823 794 1888 et
815 1824 867 1888 hic
889 1823 1014 1907 generis
1036 1823 1139 1888 neutri
1161 1842 1237 1889 usus

109 1923 274 1990 sollemnis
298 1925 346 1990 est
370 1923 422 2009 (cf.
447 1925 534 2006 359).
556 1961 600 1974 --
621 1926 694 2004 251,
718 1926 738 1991 6
764 1931 800 1990 io
825 1927 1105 2011 [elci-arundo
1125 1922 1236 1993 coom-

109 2028 238 2093 meliam
263 2033 291 2093 ie
307 2029 393 2110 pati,
416 2027 476 2094 nisi
499 2029 557 2094 tibi
578 2029 750 2094 arbitraris
773 2027 814 2092 ed
837 2028 1014 2110 exemplum
1035 2029 1094 2094 cdi
1115 2030 1237 2096 ciderio

108 2131 219 2198 fiotum
252 2133 285 2198 61
314 2148 387 2196 cum
418 2131 600 2198 accusatius
622 2149 649 2195 c.
672 2130 726 2194 inf.
757 2131 793 2194 ut
820 2130 935 2195 similia
962 2132 1062 2196 uerte
1090 2132 1235 2211 162,14.

106 2235 182 2316 260,
216 2235 258 2300 27
293 2235 509 2300 constructum
541 2251 610 2299 esee
643 2233 754 2316 putere
787 2232 889 2298 malis.
912 2268 955 2283 -·-
980 2231 1055 2313 295,
1087 2231 1130 2299 25
1162 2235 1237 2300 irinc

106 2345 154 2403 est
182 2339 266 2420 qood
294 2338 469 2422 corniculo
496 2338 677 2402 iniustitias
707 2341 780 2402 icoc
808 2356 846 2402 ac
877 2337 1037 2402 micion-is
1054 2355 1097 2386 ·-
1122 2342 1237 2403 omos

105 2442 263 2523 foediores,
296 2441 352 2506 ubi
383 2440 526 2507 Latinius
548 2441 756 2506 seruientibus
777 2439 955 2522 proposuit3
990 2439 1074 2523 qnod
1102 2439 1237 2508 icrtesse

109 2544 181 2609 feni
216 2544 328 2627 possit
367 2544 424 2609 sed
456 2544 564 2609 couno
598 2544 718 2609 codicis
752 2544 989 2608 auctoritatem·
1005 2544 1125 2609 minere
1161 2562 1235 2627 pro·

108 2648 276 2715 habilitate
296 2647 476 2713 intruditur.
499 2686 541 2697 -·
563 2648 636 2727 313,
659 2647 703 2713 23
723 2667 802 2731 pisos
823 2649 958 2712 interior
978 2649 1090 2726 ciipoo
1109 2667 1235 2730 suppe-

109 2753 190 2817 rotio
212 2752 345 2833 delicuit
358 2756 387 2816 ei
401 2770 686 2817 neruordmsoetim
709 2752 902 2817 luctantium
916 2750 1048 2836 deiude]
1065 2752 1236 2818 contrudit.

107 2854 308 2920 diuersorum
337 2855 516 2920 morborum
546 2854 688 2919 diuersos
719 2853 849 2919 effectus
878 2852 1165 2934 6616556161-
1185 2851 1236 2918 his

108 2957 187 3023 locis
227 2975 367 3023 errorum
404 2956 497 3021 sedes
530 2957 562 3020 61
595 2972 708 3021 causas
739 2975 792 3020 me
823 2956 911 3020 recte
943 2954 1065 3020 uidisse
1096 2955 1235 3030 conlido;

109 3059 213 3125 emani
248 3059 382 3125 fortasse
416 3078 488 3125 oum
520 3058 563 3123 ud
596 3058 730 3125 eundem
745 3058 926 3123 modulum
958 3058 1011 3135 54,
1039 3059 1060 3122 5
1090 3058 1235 3142 redigite

111 3164 293 3229 suaderem:
326 3182 383 3229 ceos
404 3182 509 3227 omnes
524 3164 698 3241 exureris,
721 3200 764 3213 --
777 3183 844 3227 ‚cor
875 3182 941 3227 oon
969 3162 1029 3227 cdi
1056 3161 1234 3243 nicoeno,

111 3285 166 3331 cor
206 3272 236 3332 io
278 3268 316 3331 io
354 3266 496 3349 periodis
536 3286 599 3331 esse
641 3266 967 3351 asse[oc]r,amc‘e
1008 3268 1038 3328 ci
1079 3264 1235 3330 docum.

108 3366 290 3435 Luciferum
322 3370 405 3435 enim
438 3368 635 3435 diuersorum
667 3366 833 3433 modomm
868 3367 902 3431 in
931 3366 1042 3431 eodem
1075 3366 1235 3432 enmuaio

109 3473 374 3539 consociationem
411 3471 499 3537 nulle
530 3472 745 3538 mederatione
779 3469 957 3535 coercniese
989 3469 1237 3535 consumerem

113 3576 322 3659 exemplorum
354 3574 556 3640 multitudine
589 3575 653 3640 iem
691 3574 769 3639 sctis
802 3573 927 3637 constet
957 3571 1009 3657 (cl.
1032 3571 1096 3636 ind.
1119 3591 1149 3654 p.
1172 3573 1235 3639 356

110 3676 143 3737 61
163 3696 192 3760 p.
216 3680 303 3761 378).
1106 3693 1113 3705 ·

152 3797 282 3863 Perruro
294 3797 405 3863 talium
416 3797 674 3880 depraustionum
687 3815 801 3861 censes
811 3797 843 3860 in
855 3795 1050 3878 compendiis
1061 3794 1235 3878 scripturae

111 3899 228 3978 posius
251 3918 320 3965 esse
344 3920 438 3985 supra
461 3900 604 3966 diximus.
628 3900 754 3966 exstent
772 3918 850 3964 uero
871 3899 1024 3981 exempla,
1047 3898 1160 3979 quibus
1182 3898 1236 3963 uel

111 4000 234 4085 singule
262 4005 418 4071 uocabula
447 4004 668 4087 compendiose
699 4003 818 4085 scripte
846 4002 900 4068 uel
920 4002 1082 4068 nominum
1105 4001 1137 4066 61
1157 4020 1234 4067 uer·

112 4103 219 4172 bonnm
253 4108 492 4174 terminationes
527 4107 672 4193 ligaturis
704 4106 809 4172 minue
844 4106 1020 4189 perspicuis
1055 4103 1109 4169 nel
1145 4104 1234 4187 signo

113 4208 245 4285 quodem
279 4228 441 4293 expressos
478 4210 603 4276 eruendi
635 4210 759 4293 copiam
795 4208 910 4274 iecisse
940 4208 999 4273 tibi
1031 4207 1234 4290 persuadeas.

112 4307 204 4390 etque
221 4312 268 4377 ed
289 4314 348 4379 hoc
371 4330 471 4395 genus
492 4312 655 4377 retulerim
677 4313 773 4377 hoec:
810 4311 884 4389 255,
907 4310 946 4376 31
976 4311 1083 4375 dicam
1110 4310 1170 4373 tibi
1189 4347 1237 4359 --
