3050 5000
317 364 378 428 148
806 358 952 413 Luciferi

316 551 473 633 namquid
494 552 532 615 ia
556 551 606 615 dis
621 535 774 633 ⁸rrisr'todo,
797 550 875 614 dicit
898 551 1055 628 dominos,
1079 554 1135 614 oret
1159 551 1196 613 ira
1210 553 1345 633 qemem
1362 548 1454 611 talem

315 675 381 719 aon
402 654 581 719 uiada’oabe’l
605 654 718 717 aalma
740 655 834 718 mea?
1503 680 1504 729 ς

358 760 399 821 Π.
424 758 516 838 Eripe
538 757 580 833 te,
605 756 778 833 Constanti,
804 755 936 820 aiones
952 756 1101 821 Anianae
1118 756 1317 831 dementiae,
1344 774 1387 817 ne
1404 753 1453 817 des

317 863 460 926 aeternas
488 878 604 942 poenas
632 878 704 922 oum
729 860 996 945 <eon>saorilegis
1023 861 1096 925 tuis.
1141 860 1205 924 noli
1229 858 1374 942 gloriari
1401 858 1452 921 tibi

316 964 354 1028 de
378 964 499 1027 eadnea
519 964 576 1026 tua
599 962 762 1044 dignitate,
787 962 953 1026 considera
974 964 1007 1026 te
1029 962 1204 1039 mortalem,
1253 962 1339 1043 quia
1365 961 1477 1024 aliteri

314 1087 374 1131 non
397 1067 498 1148 possis
527 1065 676 1147 consequi
704 1065 973 1141 inmortalitatem,
1004 1064 1062 1129 nisi
1092 1064 1184 1128 domn
1213 1064 1398 1146 agnoueris
1426 1065 1451 1126 et

316 1171 382 1235 eins
398 1171 509 1234 feceris
524 1169 729 1245 uoluntatem,
749 1169 832 1232 siout
849 1169 998 1250 seriptum
1015 1168 1079 1232 est:
1095 1168 1265 1232 haecdicit
1282 1168 1451 1231 dominus:

313 1295 379 1337 noa
398 1272 550 1356 adorietur
570 1273 699 1353 sopiens
721 1273 759 1335 ia
781 1292 842 1336 sara
865 1273 1035 1356 sapientia,
1053 1275 1083 1335 et
1097 1292 1162 1335 nore
1176 1270 1343 1353 oloriatur
1363 1270 1451 1350 fortis

312 1379 350 1439 r're
370 1376 559 1459 sortitadiae
583 1395 653 1459 sua,
677 1396 732 1439 aee
753 1375 912 1457 olorielur
940 1376 1030 1439 diaes
1058 1377 1094 1439 r'o
1122 1361 1252 1439 diuitiis
1283 1374 1371 1453 suis,
1405 1374 1451 1436 sed

312 1481 349 1542 ire
371 1479 425 1544 hoe
447 1478 600 1561 qlora’etrer
620 1478 677 1559 qui
696 1478 866 1562 elementor,
890 1479 1051 1559 inquirere
1072 1498 1120 1543 me
1141 1484 1170 1541 et
1202 1477 1398 1561 tmelleyere
1428 1482 1474 1540 etr

312 1583 391 1646 seire
413 1583 449 1645 ia
470 1581 564 1646 deum
583 1581 731 1663 yloriorr',
754 1582 833 1661 qnia
851 1599 905 1663 eqo
922 1600 992 1645 sam
1007 1580 1155 1645 demirare
1170 1582 1227 1661 qai
1242 1580 1339 1660 facio
1357 1580 1449 1643 mise-

312 1685 484 1749 ricordiam
506 1687 536 1748 et
556 1684 713 1749 iodicium
734 1688 763 1747 et
787 1684 948 1748 iustitiam
972 1702 1069 1765 saper
1092 1687 1220 1764 terram,
1245 1684 1334 1765 quia
1351 1683 1392 1745 in
1407 1682 1450 1745 dis

312 1792 357 1851 est
377 1786 528 1851 uoluntas
549 1807 628 1861 mea,
650 1788 731 1850 dicit
751 1786 914 1851 domimo.
961 1805 1032 1850 oum
1063 1786 1159 1869 igitur
1186 1786 1307 1850 uideas
1338 1786 1375 1849 in
1406 1784 1448 1847 his

313 1908 382 1954 esso
404 1890 598 1954 uoluntatem
622 1889 746 1968 domini,
778 1888 933 1971 quomodo
959 1891 1036 1954 haee
1060 1908 1140 1972 qnae
1164 1908 1273 1953 amare
1302 1908 1339 1953 se
1368 1888 1449 1953 dieat

313 1993 455 2058 dominns
477 2012 588 2076 perosa
606 1994 722 2057 habere
746 1992 909 2075 dignaris?
931 1994 969 2058 in
991 1994 1056 2073 doe,
1078 1992 1190 2074 inquit,
1212 1992 1384 2075 olorietur
1398 1994 1474 2072 quir

309 2095 1445 2181 oloriotur,inquireremeetiatalleqereetscireiradomiaamyloriari.

312 2198 466 2282 quomodo
489 2198 606 2281 poteris
627 2199 659 2262 te
684 2198 789 2263 dieere
812 2217 892 2262 nune
917 2200 949 2264 in
974 2198 1067 2263 doum
1089 2199 1240 2281 gloiiari?
1284 2197 1445 2281 quomodo

310 2303 427 2384 poteris
450 2302 608 2384 requirere
631 2303 663 2365 te
684 2302 775 2365 illnm
799 2302 975 2379 adstruere,
992 2321 1064 2366 eum
1080 2303 1123 2367 sis
1138 2321 1321 2384 prouocans
1339 2321 1444 2365 omnes

311 2407 449 2470 cultores
473 2406 539 2469 eius
561 2404 736 2469 maiestatis
760 2404 800 2467 ad
817 2404 1025 2469 deserendam
1042 2405 1137 2469 fidem
1155 2405 1391 2487 apostolorum,
1410 2404 1443 2467 ad

309 2509 538 2592 blasphemiam
555 2509 711 2591 dogmatis
726 2510 852 2573 nestrae
871 2509 1124 2591 suscipiendam?
1146 2511 1184 2574 ire
1207 2509 1263 2572 hoe
1284 2509 1467 2591 ylerieiura

311 2615 366 2694 qui
387 2614 556 2695 yloriotur,
578 2614 740 2694 inquirere
756 2633 804 2676 me
826 2618 855 2676 et
869 2613 1046 2695 intelleyere
1067 2618 1095 2677 et
1110 2613 1190 2677 seire
1212 2614 1249 2675 in
1271 2612 1441 2675 dominam

310 2715 454 2798 adortari,
477 2717 555 2797 qaia
576 2735 629 2798 eqo
650 2735 721 2779 sum
748 2716 901 2779 dominas
929 2717 985 2797 qer'
1013 2717 1098 2797 faeie
1127 2715 1441 2778 misericordiamet

310 2818 467 2882 irrdmirrm
489 2823 517 2881 et
539 2819 697 2882 iustitiam
719 2837 816 2898 super
839 2823 966 2902 terram,
990 2820 1069 2898 qaia
1090 2820 1127 2882 r'rr
1149 2818 1199 2881 iras
1221 2823 1266 2882 est
1289 2816 1439 2880 uoluntas

311 2941 390 2998 meo,
413 2921 491 2985 dicit
512 2921 667 2985 dominos.
693 2940 765 2985 eum
788 2921 895 3002 itaque
917 2921 1069 2986 iudicium
1092 2922 1140 2985 uis
1162 2920 1318 2984 iniustum
1349 2940 1370 2984 a
1394 2919 1439 2983 dei

310 3023 440 3105 proferri
456 3024 681 3102 sacerdotibus,
706 3045 779 3089 enm
797 3026 839 3090 sis
855 3026 940 3090 fusor
954 3026 1166 3091 innocentium
1182 3024 1358 3107 sangniniS,
1383 3043 1464 3088 none

311 3147 344 3191 es
367 3128 435 3192 eins
458 3145 567 3192 seruus
590 3129 642 3210 qni
665 3130 743 3194 haec
769 3148 820 3194 ore
842 3129 928 3211 loqui
953 3128 1099 3211 dignatus
1123 3129 1164 3194 sit
1178 3129 1364 3211 prophetae,
1386 3127 1437 3192 sed

309 3232 401 3312 plane
431 3249 464 3296 eo
490 3232 576 3296 illins
602 3231 738 3296 famulus
768 3233 820 3314 qni
846 3222 1017 3315 repleuelit
1046 3251 1099 3297 oor
1127 3233 1221 3309 Cain,
1252 3233 1289 3296 nl
1319 3233 1436 3297 iustum

309 3353 440 3414 pnernm
462 3335 596 3417 primum
619 3335 773 3400 cultorem
794 3335 989 3400 interficeret
1013 3335 1137 3400 domini.
1172 3336 1243 3400 hine
1269 3337 1320 3400 est
1344 3337 1435 3418 qnod.

310 3457 382 3502 eum
405 3439 447 3502 sis
469 3439 558 3502 tanta
579 3439 610 3503 in
633 3439 826 3503 sublimitate
848 3439 981 3521 positae,
1006 3458 1085 3503 unns
1108 3440 1215 3504 tamen
1238 3459 1275 3504 ex
1298 3441 1349 3504 his
1369 3459 1435 3505 esse

309 3539 487 3618 mnenian’s,
511 3539 550 3604 de
573 3540 685 3620 quibus
708 3540 868 3604 dominum
899 3541 1041 3605 loentum
1069 3541 1100 3604 in
1125 3543 1288 3624 euangelio
1313 3542 1462 3624 legistiza

309 3662 366 3706 nos
398 3643 436 3706 de
464 3643 588 3708 diabolo
610 3648 707 3724 patre
735 3644 808 3707 nott
842 3645 915 3708 esras
949 3648 977 3708 at
1011 3645 1297 3724 eooeepeeeetiam
1328 3647 1434 3725 panes

415 3779 518 3833 l'Hier.
535 3780 560 3842 9,
579 3778 621 3832 23.
639 3779 674 3830 24
747 3780 779 3831 15
800 3783 826 3832 et
845 3780 877 3832 20
895 3779 931 3833 ib.
950 3780 974 3848 9,
993 3779 1027 3832 24
1095 3780 1127 3833 31
1146 3781 1200 3835 Ioln
1220 3782 1245 3843 8,
1264 3783 1296 3832 44

360 3900 373 3950 1
392 3913 444 3951 non
467 3897 582 3950 uisitabo
600 3898 751 3957 Latinium
775 3898 812 3966 μὴ
831 3896 874 3950 ἐπὶ
892 3900 999 3959 τούτοις
1016 3900 1065 3952 οὐκ
1084 3897 1266 3968 ἐπισκέψομαι
1278 3902 1367 3956 LXX

307 4001 324 4052 3
342 3975 433 4068 eripite
453 4006 472 4069 (⁹
489 4019 523 4055 ra.
541 4005 606 4067 reo.)
710 4002 728 4053 4
745 4003 929 4072 consacrilegis
953 4006 1022 4058 corat.
1045 4005 1144 4071 lilius,
1169 4005 1302 4072 sacrilegis
1327 4007 1365 4058 Vo

306 4086 323 4138 8
341 4087 483 4154 gloriaretur
551 4088 718 4185 sapientiae,
736 4089 870 4156 pacientia
887 4092 912 4144 V
978 4091 1010 4144 14
1029 4107 1116 4143 amare
1135 4106 1163 4144 se
1182 4109 1205 4158 r,
1225 4107 1327 4143 amares
1345 4093 1370 4144 V

306 4186 404 4327 {diemde
483 4190 518 4243 20
535 4193 638 4274 nestrae
657 4192 674 4259 (¹
691 4209 724 4244 m.
743 4194 823 4260 reo),-
842 4194 877 4259 ef.
896 4198 943 4262 26,
961 4198 1005 4249 25.
1024 4198 1068 4262 62,
1088 4199 1124 4247 18
1202 4195 1234 4246 21
1254 4194 1366 4248 deumv

359 4291 374 4326 a
913 4283 927 4305 .
