3050 5000
409 359 451 412 Dc
469 372 522 412 nou
541 357 720 412 conuenieudo
738 373 798 411 cruu
815 357 963 412 haereticis.
1203 360 1242 425 31
1344 399 1347 402 ,

123 567 193 614 esse
220 549 305 612 unici
335 549 385 613 dci
414 549 471 613 filii
499 549 622 627 hostes,
656 548 795 631 fugimus
828 549 948 613 nefario
981 548 1112 613 consiliu
1141 549 1250 613 uestra

119 652 333 733 temperantes
356 653 428 717 uoci
451 650 584 733 apostoli
613 651 676 732 qui,
711 653 844 733 nemini,
874 651 987 733 inquit,
1016 654 1246 735 consenseritis,

119 756 228 820 suasio
250 759 357 819 uestra
379 777 417 820 cu
432 756 488 820 deo
510 759 555 819 cst
575 756 630 836 qui
651 758 746 820 uocat
766 775 832 819 uos.
856 756 984 819 nescitis
998 755 1076 836 quia
1090 757 1249 820 modicum
1333 744 1344 769 ”

117 860 309 939 formentum
340 862 439 923 toturn
462 877 603 922 massam
625 859 809 938 corrumpit.
855 857 1012 922 noluimus
1039 876 1098 923 uos
1123 877 1248 922 uermes

93 960 203 1025 sdrrii
224 961 366 1043 recipere
388 980 446 1026 nos
468 961 553 1024 serui
577 960 693 1026 Christi
721 960 754 1024 in
777 960 974 1038 societatem,
1007 978 1047 1023 ne
1078 959 1249 1024 fuissemus

120 1082 156 1128 eo
179 1082 300 1128 ueneno
324 1063 443 1128 diaboli
466 1082 527 1145 quo
550 1081 608 1127 uos
633 1063 709 1126 estis
733 1063 920 1145 consumpti.
964 1063 1122 1127 noluimus
1137 1063 1247 1128 uobis-

119 1185 192 1231 cum
213 1167 270 1243 ire,
294 1185 367 1230 cum
389 1167 567 1233 hominibus
589 1166 749 1244 uidelicet,
781 1167 834 1249 qui
858 1167 959 1230 adhuc
982 1166 1154 1231 uideamini
1178 1187 1247 1232 esse

120 1270 208 1333 extra
231 1269 281 1332 dei
304 1269 458 1349 notitiam,
483 1270 536 1351 qui
560 1269 662 1334 adhuc
678 1271 735 1334 sub
754 1268 871 1334 moholi
890 1268 959 1333 sitis
975 1270 1139 1334 constituti
1153 1271 1247 1353 pote-

119 1372 210 1436 state.
255 1371 413 1436 noluimus
442 1373 576 1438 mortuis
600 1373 746 1456 coniungi
770 1373 846 1448 uiui,
882 1371 957 1454 quia
980 1374 1062 1438 tales
1094 1393 1152 1438 uos
1175 1393 1246 1439 esse

79 1491 105 1529 1⁰
118 1475 362 1557 cognoscemini,
398 1476 507 1558 quales
536 1475 686 1542 fuerimus
713 1477 775 1559 ipsi
806 1476 974 1559 antequam
1003 1477 1247 1542 credidissemus

117 1578 150 1641 in
173 1578 300 1642 unicum
324 1579 375 1642 dei
397 1578 507 1643 filium.
552 1580 631 1643 haec
647 1579 693 1643 ita
709 1598 742 1644 se
758 1581 874 1644 habere
888 1579 1072 1644 manifestat
1087 1580 1247 1662 apostolus

118 1681 262 1764 Ephesiis
286 1682 441 1746 scribens:
466 1687 496 1747 ct
516 1702 574 1747 nos
589 1703 661 1746 oum
676 1685 782 1749 cssctis
796 1685 917 1748 mortui
931 1684 1055 1748 delictis
1069 1689 1099 1748 et
1108 1685 1247 1764 peccatis

116 1786 240 1861 ucstris,
264 1786 301 1848 iu
324 1786 438 1867 ouibus
461 1785 637 1866 aliquando
660 1787 851 1852 ambulastis
872 1785 1044 1852 sccundnrn
1061 1787 1246 1869 principem

110 1890 280 1970 potestatis
309 1890 395 1954 acris
423 1889 529 1969 iuius,
562 1893 698 1973 spiritus
726 1893 784 1974 qui
812 1913 898 1957 nuuc
928 1895 1077 1974 opuatur
1105 1890 1143 1954 iu
1165 1890 1246 1971 filiis

78 1992 326 2074 1⁵dispidcutiae,
361 1995 398 2057 in
429 1993 542 2075 quibus
571 2001 599 2060 et
627 2016 685 2060 uos
715 2017 822 2062 ornnes
843 1996 1025 2061 conuersati
1047 2014 1158 2058 suanus
1180 1995 1243 2058 oii-

116 2096 245 2177 quando
267 2097 304 2160 in
327 2098 584 2178 coucupiscentia
606 2100 716 2164 caruis
731 2104 866 2177 nostru,
887 2099 1040 2180 fauentes
1063 2098 1243 2162 uoluntates

116 2199 226 2262 carnis
247 2203 276 2262 ct
297 2200 524 2280 consiliorum
558 2204 588 2264 ct
615 2221 742 2266 cramus
764 2201 931 2266 naturales
959 2201 1023 2283 {ilii
1045 2201 1123 2282 irae,
1160 2200 1243 2264 siout

116 2305 146 2364 et
167 2302 269 2366 ceteri.
308 2321 381 2367 cum
404 2303 506 2366 sdhuc
529 2322 588 2368 uos
610 2304 692 2368 tales
716 2304 795 2382 sitis,
820 2304 929 2386 quales
951 2323 1008 2368 nos
1030 2303 1128 2368 fuisse
1151 2304 1244 2368 sute-

116 2423 212 2486 quam
227 2404 472 2470 credidissemus
486 2405 583 2470 refert
606 2407 824 2472 sanctissimus
847 2407 1017 2489 apostolus,
1040 2407 1150 2488 utique
1173 2405 1244 2470 fue-

75 2508 193 2572 orans
215 2508 348 2586 uitandi,
371 2509 522 2588 homines,
545 2510 577 2575 in
600 2511 713 2593 quibus
730 2511 897 2594 operentur
920 2513 953 2575 et
969 2530 1025 2594 per
1041 2530 1118 2594 quos
1133 2511 1246 2594 gerunt

114 2610 270 2693 principes
279 2612 456 2693 potestatis,
470 2612 551 2677 ueris
563 2613 655 2678 huius
671 2614 809 2696 spiritus,
823 2634 914 2679 omne
927 2614 1120 2679 desiderium
1132 2633 1242 2691 suum3

117 2714 212 2779 eratis
233 2715 378 2798 fugiendi
398 2716 456 2780 filii
479 2716 684 2795 diffidentiae,
708 2716 768 2781 filii
790 2718 976 2783 naturaliter
998 2718 1074 2796 irus,
1097 2738 1137 2783 ne
1153 2717 1244 2784 uobis

115 2819 273 2885 haerendo
297 2818 337 2882 ud
359 2818 394 2883 id
415 2819 499 2900 quod
523 2819 595 2883 unte
617 2818 786 2885 fuissemus
808 2821 1041 2887 reduceremur.
1086 2821 1245 2886 noluimus

116 2940 185 2986 esse
220 2922 399 2999 uobiscum,
435 2923 510 3004 quis
540 2922 641 2987 adhuc
671 2942 730 2987 non
761 2923 883 2988 fueritis
910 2924 1162 2989 misericordiam
1194 2925 1245 2988 dei

74 3032 102 3073 2⁵
116 3024 223 3106 adepti
251 3044 347 3107 quum
374 3025 438 3089 ium
461 3044 516 3089 nos
540 3042 648 3089 sumus
671 3026 842 3091 consecuti.
880 3026 1036 3091 noluimus
1059 3027 1245 3091 societatem
1303 3046 1308 3053 ·

115 3128 230 3193 habere
253 3127 428 3204 uobiscum,
453 3128 506 3209 qui
529 3127 659 3191 oonsilio
682 3128 786 3191 earnis
810 3128 1019 3205 ducebamini,
1044 3130 1127 3193 sicut
1142 3130 1242 3195 duce-

114 3230 207 3294 batur
239 3230 300 3293 iste
326 3230 530 3293 beatissimus
559 3228 677 3293 Paulus
705 3231 888 3313 priusquam
917 3230 1114 3310 credidisset,
1150 3252 1244 3315 quem

114 3331 315 3396 meminimus
339 3330 461 3395 dicere:
484 3352 574 3396 ucruo
588 3352 644 3396 uos
659 3331 787 3397 seducat
802 3334 955 3398 inanitus
972 3334 1085 3401 uerbis.
1111 3342 1246 3418 propter

109 3434 171 3501 noc
194 3437 281 3499 uouit
303 3437 357 3500 ira
375 3436 427 3499 cco·
449 3436 487 3499 in
506 3436 593 3519 filios
613 3437 823 3518 dissidentiae.
844 3436 942 3501 nolite
957 3438 1064 3520 itaquo
1078 3440 1152 3520 fieri
1160 3461 1245 3522 par-

74 3546 102 3587 ³⁰
115 3539 227 3619 ticipes
249 3559 365 3605 eorurn.
403 3540 503 3603 cratis
524 3540 609 3604 enirn
632 3539 809 3622 aliquando
833 3541 985 3621 tenebrae,
1020 3561 1107 3606 nunc
1136 3548 1242 3609 ouem

115 3642 173 3706 tun
187 3642 225 3704 in
239 3642 378 3721 domino,
395 3643 478 3707 sicut
491 3642 556 3725 stit
571 3642 652 3709 tucis
667 3643 846 3725 ambulate,-
866 3645 990 3725 fructus
1004 3646 1090 3710 cuim
1106 3647 1241 3712 luminis

114 3748 158 3808 cst
189 3745 227 3809 in
257 3747 343 3811 omni
372 3746 510 3811 bonitate
539 3750 569 3809 et
590 3747 717 3812 iustitio
740 3752 769 3811 ct
790 3749 935 3832 ueritate,
966 3749 1141 3830 probantes
1162 3749 1242 3831 quid

114 3846 157 3910 sit
178 3853 340 3929 occeptum
362 3849 428 3928 deo,
451 3853 480 3913 ct
501 3850 600 3914 notite
621 3851 856 3915 communicare
870 3850 1016 3931 curuos
1031 3851 1242 3932 infructuosis

217 4032 233 4084 2
252 4032 312 4087 Gal.
331 4034 355 4097 5,
375 4034 391 4087 9
461 4034 494 4087 12
512 4035 577 4103 Eph.
595 4036 621 4100 2,
641 4037 708 4092 1-3
779 4037 813 4091 28
830 4037 868 4091 ib.
886 4038 911 4102 5,
930 4038 1013 4092 6-11

168 4203 255 4257 firce
361 4205 393 4258 12
411 4205 508 4259 effesiis
613 4208 646 4261 15
663 4225 709 4262 uos
813 4210 846 4264 27
864 4210 933 4264 istuc
1027 4210 1062 4263 28
1079 4209 1174 4265 uerbus

116 4286 151 4339 32
168 4288 273 4343 iusticia
341 4290 375 4343 33
393 4291 583 4360 acceptandum
600 4310 616 4347 o
685 4293 735 4347 deo
754 4310 838 4349 orno
