3050 5000
315 393 380 461 295
804 388 952 442 Luciferi
1032 392 1035 397 '

320 584 359 649 de
381 600 509 647 suorum
528 579 698 645 tolerantia
718 581 904 646 seruorum?
928 580 1048 645 stamus
1071 580 1181 663 utique
1197 579 1314 645 famuli
1330 581 1443 649 Christi

319 688 387 752 eius
408 686 574 751 muestate
596 684 728 763 firmati,
762 702 841 749 unce
864 684 980 762 bbere,
1013 685 1345 767 mente'incorrupta,
1376 687 1442 752 telis

317 790 445 872 quidem
465 786 629 871 fragilibus
650 789 714 852 tuis
737 788 828 865 nudi,
860 788 917 853 sed
938 788 996 852 illa
1016 788 1119 853 induti
1143 808 1250 867 arma,
1285 808 1370 872 quae
1392 810 1442 857 nos

317 895 354 957 ut
379 892 580 957 indueremus
608 892 658 955 est
686 892 874 974 deprecatus
901 892 1013 957 beatus
1042 893 1203 975 apcdolus
1242 893 1379 959 dicens:
1411 896 1443 959 dc

315 1000 413 1061 cutem
441 996 679 1077 confirmamini
702 996 741 1060 in
768 997 895 1063 domicio
917 998 1005 1062 etin
1026 1000 1175 1079 potentia
1196 1000 1341 1065 uinetis
1368 1001 1466 1065 einen

319 1098 393 1182 [etz]
428 1098 553 1164 induite
581 1118 676 1163 arma
704 1098 772 1183 dci,
802 1105 838 1165 ut
856 1103 992 1183 possitis
1014 1110 1099 1171 stare
1120 1106 1279 1169 aducrsns
1303 1105 1441 1169 remedia

315 1200 451 1282 diaboli,
481 1202 560 1283 quia
585 1220 651 1267 non
678 1206 724 1268 cst
751 1204 842 1269 uobis
868 1206 1059 1275 conluctatio
1081 1211 1241 1276 aduersus
1261 1230 1399 1277 earnem
1417 1218 1441 1275 el

313 1301 512 1386 seminem,
535 1304 588 1370 sed
602 1310 712 1371 contra
727 1310 910 1389 potestates,
934 1316 1045 1377 eontra
1060 1312 1156 1379 buius
1171 1315 1292 1380 mundi
1315 1320 1440 1381 rubras

316 1407 515 1472 umbrarum
537 1408 663 1494 barum,
687 1415 800 1475 centra
821 1414 988 1495 spiritalia
1009 1418 1170 1499 nequitiae
1188 1419 1226 1483 in
1242 1419 1439 1485 cantatibus.

306 1515 479 1593 propterea
500 1513 635 1593 accipite
655 1534 751 1579 arma
773 1515 834 1601 dei,
858 1522 894 1581 ut
908 1520 1044 1599 possitis
1065 1523 1209 1589 resistcre
1233 1522 1274 1587 in
1290 1522 1349 1588 die
1363 1526 1462 1590 nnuc

311 1618 342 1677 ct
367 1615 405 1679 in
433 1615 578 1679 omnbus
603 1617 735 1698 perfecti
761 1623 864 1699 sture,
890 1624 1072 1703 praecincti
1102 1625 1222 1691 lumbos
1254 1632 1384 1692 nestum
1408 1630 1438 1692 in

311 1718 453 1801 ueritate,
476 1719 641 1784 induentes
663 1720 798 1787 bricam
818 1724 960 1791 iustitiae
981 1732 1010 1791 et
1030 1728 1161 1795 calciati
1172 1730 1274 1813 pedes
1288 1732 1333 1795 in
1347 1752 1437 1812 prae-

306 1821 481 1901 paratione
508 1822 669 1906 cuanpclii
689 1826 798 1905 pacis,
835 1828 874 1891 in
906 1831 1050 1897 omnibus
1082 1834 1288 1901 adsentientes
1321 1842 1437 1901 sentum

310 1923 399 2009 fidei,
426 1925 464 1988 iu
484 1944 545 2007 quc
560 1927 695 2007 possitis
716 1930 825 1993 omnia
846 1931 956 1997 iacula
977 1937 1161 2017 nequissimi
1183 1940 1371 2004 candentia
1391 1960 1436 2005 ec·

309 2027 477 2112 stinpucrc,
500 2032 529 2092 et
548 2029 675 2111 paleam
695 2033 811 2097 salutes
825 2039 854 2097 et
866 2035 1013 2119 pladinm
1028 2040 1170 2121 spinitns,
1195 2044 1288 2125 quod
1310 2050 1361 2111 est
1374 2066 1436 2110 ucr-
1445 2060 1459 2097 ¹⁵

169 2172 175 2183 .
310 2129 383 2193 bum
403 2130 464 2213 dei,
482 2150 542 2211 per
563 2151 686 2198 omnem
708 2136 882 2201 orationem
899 2144 927 2203 ct
943 2140 1185 2209 obsecrationem
1201 2154 1345 2215 manus
1360 2154 1436 2217 omni

313 2237 446 2313 tempore
467 2234 505 2299 in
526 2236 755 2315 spondentia
777 2236 873 2305 illum
893 2244 1075 2327 uipilantes.
1109 2249 1207 2332 igitur
1230 2254 1315 2335 quia
1338 2257 1436 2321 taliter

310 2338 456 2415 umatus,
478 2338 569 2402 tanta
589 2340 729 2421 potentia
749 2344 896 2423 munitos,
921 2364 1067 2430 superare
1089 2372 1149 2417 nen
1171 2356 1280 2436 pessit
1304 2359 1367 2423 tua
1386 2380 1435 2443 pa-

306 2439 427 2523 bisque
442 2439 489 2505 tui
504 2442 685 2524 crudelitas,
708 2447 744 2510 ut
759 2466 853 2531 saepe
870 2449 989 2518 dietum
1013 2456 1069 2534 est,
1094 2456 1242 2526 stetimus
1271 2462 1306 2526 et
1323 2464 1436 2530 stamus

309 2546 350 2622 et,
374 2545 477 2626 quoad
499 2564 598 2629 usque
621 2566 787 2616 consumas
810 2571 939 2636 corpnm
961 2559 1081 2637 noema,
1109 2562 1224 2627 staturi
1248 2585 1369 2634 sumus
1391 2583 1459 2634 sas

307 2646 403 2711 lutari
426 2647 543 2713 Christi
565 2649 666 2732 clipeo
687 2655 817 2734 muniti,
849 2657 949 2723 loniea
978 2662 1104 2743 pietatis
1135 2667 1203 2732 eius
1232 2671 1434 2752 circumdati,

308 2751 417 2815 sancte
450 2752 561 2833 spiritu
593 2755 773 2836 gubernati,
808 2759 972 2828 inmobiles
1006 2767 1038 2829 et
1064 2771 1166 2852 magis
1199 2775 1379 2860 magisque
1409 2781 1435 2843 in

308 2854 452 2919 omnibus
481 2856 640 2935 auctores,
670 2860 823 2940 pellentes
852 2883 976 2932 emnem
1003 2889 1115 2937 uocem
1137 2877 1321 2945 seruitutis.
1364 2885 1434 2948 eerti

307 2951 422 3022 etenim
445 2960 477 3024 et
498 2957 632 3025 fidentes
654 2981 762 3031 sumus
784 2967 879 3032 nullis
907 2989 963 3035 nus
991 2972 1054 3038 tuis
1083 2977 1223 3055 insidiis,
1260 2984 1360 3049 nulla
1387 2987 1434 3050 tna

306 3058 495 3142 auiditate,
533 3064 620 3130 nulla
648 3069 867 3151 cauillatione,
905 3075 1000 3141 nullis
1021 3078 1085 3145 tuis
1106 3079 1277 3151 baudibus
1302 3107 1399 3170 posse
1419 3103 1456 3154 ae

303 3166 462 3247 proposito
485 3168 593 3250 uigore
617 3171 747 3250 deduci,
786 3177 1039 3260 quandoquidem
1070 3185 1207 3252 sciamus
1239 3189 1332 3272 qued
1358 3193 1431 3258 enim

303 3266 375 3331 finis
398 3269 585 3336 debetorum
606 3292 691 3339 murs
714 3277 770 3354 sit,
809 3277 922 3345 deinde
946 3285 1086 3367 sequitur
1107 3289 1176 3354 uita
1198 3311 1286 3374 qnae
1311 3314 1430 3379 semper

305 3369 355 3447 sit,
380 3373 668 3459 amplectamurque
690 3379 776 3444 beati
798 3383 930 3448 consilia
952 3389 1085 3470 apostoli
1108 3391 1175 3458 eius
1199 3394 1338 3479 eiusque
1362 3399 1429 3463 imi·

303 3471 422 3540 tutores
455 3476 549 3560 etque
581 3481 752 3564 participes
787 3485 1003 3556 desideremus
1035 3493 1167 3560 inueniri
1198 3499 1253 3580 qui
1284 3501 1428 3580 adstnuit

305 3577 388 3656 quod
410 3598 481 3644 cnm
502 3586 594 3648 nctns
615 3584 707 3652 bomo
729 3595 835 3656 noste
855 3597 1078 3680 summitur,
1108 3599 1165 3681 qui
1192 3603 1295 3668 intus·
1311 3609 1360 3670 est
1380 3609 1454 3671 irc-³⁸

405 3836 420 3888 1
438 3835 471 3891 u.
484 3836 559 3908 cypr.
572 3839 680 3908 111491,
695 3844 728 3898 10
739 3859 778 3915 sq.
842 3849 936 3920 unpn.
947 3853 972 3918 c,
987 3853 1087 3910 10-18
1151 3857 1185 3911 so
1196 3857 1225 3914 11
1241 3857 1305 3916 cor.
1318 3863 1344 3928 4,
1364 3864 1395 3918 1e

334 4058 353 4108 4
370 4057 529 4129 depullllltun
549 4064 616 4130 (mur
626 4068 710 4135 aas.)
772 4069 788 4122 6
807 4071 835 4124 et
846 4073 985 4130 naseinaui
1045 4077 1077 4132 10
1088 4079 1214 4148 posuistis
1234 4085 1356 4182 (geras.)

206 4194 209 4198 ι
302 4161 334 4213 14
352 4161 508 4221 audentiae
576 4167 610 4221 22
628 4170 753 4228 inmobile
776 4175 806 4246 V,
825 4193 873 4232 ene.
893 4179 984 4236 Titius
1002 4181 1035 4237 in
1051 4183 1127 4240 notis
1198 4187 1233 4242 24
1252 4188 1327 4245 sidiis
1347 4191 1418 4260 (1·111

302 4283 362 4351 alt.)
431 4284 466 4339 80
483 4239 620 4360 corripitur
