3050 5000
309 345 371 410 114
799 342 947 397 Luciferi

304 553 401 617 quam
421 532 590 598 timeamus
612 549 742 598 necesse
766 531 823 596 est
869 531 927 597 sed
948 531 976 596 si
998 550 1058 596 non
1082 531 1199 596 eslere
1222 532 1285 596 sub
1301 530 1448 614 imagine

304 639 408 704 latens
429 637 574 714 hominis,
598 635 704 701 dicito.
742 635 852 719 legisti
875 634 960 718 apud
975 633 1192 700 Salomonem:
1216 635 1451 700 msericordias

303 746 335 806 et
355 742 477 807 certos
498 740 598 806 coela
620 745 666 806 est
685 740 763 822 repr',
784 744 815 805 et
835 740 1032 805 circumerrat
1046 741 1127 806 tosti
1140 741 1246 806 sedem
1260 740 1348 804 aas
1373 756 1448 801 cum

304 845 338 910 te
359 846 470 910 contra
497 845 630 909 caterua
655 842 866 925 malignorum
894 843 1149 926 clrcumsepserit
1171 843 1389 908 Arrianorum
1419 843 1450 904 et

305 969 376 1017 esse
399 967 566 1014 cernamus
586 946 823 1013 misericordiae
838 946 1025 1028 punitorem,
1048 946 1193 1011 ueritatis
1209 947 1478 1034 execretorem,⁵

305 1053 383 1138 quid
405 1072 475 1119 esse
491 1051 579 1117 aliud
590 1051 625 1115 te
642 1050 856 1116 iudicabimus
870 1049 931 1116 nisi
945 1049 1045 1115 feram
1062 1069 1098 1114 ac
1114 1049 1265 1114 beluam?
1290 1049 1447 1114 excitaris

303 1159 338 1222 in
360 1174 426 1234 uos,
449 1156 486 1221 ut
505 1155 556 1220 leo
578 1154 717 1238 rugiens,
746 1173 803 1218 cur
831 1153 1083 1218 misericordiam
1112 1154 1144 1218 et
1165 1153 1344 1218 ueritatem
1366 1153 1445 1217 dili-

307 1279 430 1344 gemus,
458 1277 515 1324 cur
536 1277 598 1324 non
618 1258 819 1323 innocentem
843 1257 875 1322 et
895 1257 1015 1321 iustum
1037 1255 1263 1339 perdiderimus,
1295 1257 1333 1322 et
1356 1258 1445 1322 erbi-

307 1363 403 1428 traris
431 1381 493 1429 non
519 1363 552 1426 te
582 1379 652 1427 esse
679 1361 838 1426 inmanem
860 1359 960 1424 ferens
983 1378 1020 1424 ac
1042 1360 1171 1426 beluam
1191 1361 1445 1427 saeuissimam?

346 1465 497 1532 XXVIII.
522 1464 586 1529 Sed
615 1483 696 1546 quae
723 1465 756 1528 te
785 1464 933 1530 uoluntas
962 1463 1104 1529 adhaec
1127 1465 1346 1547 perpetranda
1368 1475 1472 1547 per-m

306 1568 440 1646 duxerit,
471 1585 600 1648 prorsus
628 1567 737 1632 uidere
766 1585 987 1650 scuposam,
1017 1567 1054 1631 ut
1081 1566 1180 1633 totius
1201 1568 1350 1634 iustitiae
1373 1569 1444 1650 epi-

305 1689 438 1752 scopum
474 1669 682 1747 catholicum,
715 1670 834 1735 domini
868 1670 1068 1736 sacerdotem
1099 1671 1215 1736 fosisses
1247 1672 1309 1735 tali
1349 1673 1443 1736 exitio

306 1772 501 1855 persecutus.
545 1772 699 1854 numquid
720 1793 782 1838 nou
803 1774 992 1838 memineras
1015 1774 1184 1857 scriptum:
1213 1775 1324 1856 facere
1348 1777 1443 1841 iasti-

306 1877 387 1941 tc'om
400 1880 430 1940 ct
445 1895 591 1942 coracem
601 1895 663 1942 esse
670 1877 777 1957 placet
788 1877 844 1942 deo
853 1877 957 1960 acopis
971 1897 1069 1958 pacm
1084 1878 1263 1943 toutonem
1278 1881 1443 1962 scamas?

307 1978 455 2061 displicet
468 1978 527 2043 tibi
541 1978 743 2057 Athanasius,
758 1997 816 2044 cur
827 1979 1030 2045 traditionem
1041 1981 1206 2046 beatorum
1223 1983 1471 2063 apostolorum1⁵

307 2080 476 2159 custodiat,
491 2099 546 2146 cur
561 2100 597 2147 se
612 2080 826 2146 (ihrIstianum
841 2081 988 2160 fateatur,
1001 2102 1057 2149 cur
1071 2083 1150 2148 nolit
1165 2101 1236 2149 esse
1251 2087 1444 2167 coapostata

306 2184 391 2250 tuus
441 2203 501 2249 non
533 2183 734 2262 mirandum,
772 2184 1028 2266 quandoquidem
1068 2186 1220 2267 scripturn
1253 2188 1444 2254 teneamus:

304 2291 436 2352 suadeas
469 2292 575 2352 caum
606 2288 784 2354 domandos
812 2292 859 2352 est
890 2289 979 2368 opred
1011 2289 1123 2358 matos.
1166 2289 1258 2354 uobis
1289 2293 1444 2375 malignis

307 2390 456 2472 displicet
482 2390 510 2454 is
545 2387 600 2470 qui
628 2387 687 2453 deo
719 2386 862 2469 placeat,
896 2387 955 2454 tibi
986 2390 1174 2470 praesertim
1199 2392 1380 2456 temerario
1410 2412 1444 2456 ac

306 2493 453 2575 superbo,
486 2492 541 2575 qui
567 2489 757 2557 temerarius
783 2489 856 2555 hinc
886 2510 956 2557 esse
985 2490 1181 2576 intellegeris
1209 2513 1246 2559 ec
1272 2496 1472 2577 superbus*

306 2596 392 2677 quod
414 2597 525 2661 contra
547 2595 599 2659 dei
627 2594 857 2659 ordinationem
883 2595 1057 2662 tetenderis
1078 2610 1218 2675 manum,
1250 2600 1342 2680 quod
1368 2621 1444 2683 apo·

307 2698 455 2764 stolidam
475 2697 680 2763 traditionem
701 2698 865 2781 putaueris
889 2698 1124 2779 destruendam,
1153 2699 1238 2782 quod
1261 2702 1443 2786 episcopos,

305 2803 366 2867 sub
387 2820 520 2882 quorum
541 2801 574 2865 te
597 2801 809 2867 sollicitudine
834 2820 928 2885 agere
950 2804 1141 2885 oportuerat,
1165 2806 1222 2870 sub
1245 2807 1342 2871 tuam
1368 2808 1443 2871 diti·

306 2922 398 2969 onem
419 2904 580 2969 consueris
601 2903 800 2987 redigendos.
831 2905 906 2987 quid
927 2906 1024 2989 igitur
1047 2907 1090 2971 sis
1112 2908 1273 2991 intellege,
1308 2911 1443 2975 audiens

303 3024 362 3088 per
385 3005 585 3071 Salomonem
607 3006 692 3088 quod
712 3008 772 3073 tibi
802 3008 844 3073 sit
866 3010 999 3090 superbo
1027 3029 1157 3075 nomen:
1193 3014 1393 3079 temerarius
1418 3019 1472 3077 ea

304 3111 456 3191 coeperim
472 3110 661 3192 pestilentie
673 3112 849 3177 accubitor.
877 3112 1029 3194 pestilens
1052 3113 1129 3179 licet
1144 3114 1309 3193 sichomo,
1333 3117 1444 3181 tamen

305 3214 414 3277 morbo
441 3213 496 3278 tuo
525 3232 641 3279 uexere
670 3233 726 3279 nos
753 3234 815 3281 nou
842 3216 978 3298 poteris,
1015 3217 1089 3299 quia
1116 3217 1251 3286 tutelam
1280 3220 1380 3285 nobis
1405 3222 1443 3284 sit

304 3317 458 3397 praetem
482 3316 591 3381 diuina
612 3317 789 3383 clementia
827 3319 991 3401 temptasti
1013 3320 1148 3403 denique
1162 3320 1319 3403 pestilens
1334 3322 1442 3389 facere

305 3436 363 3483 uos
385 3421 642 3501 compestilentes
656 3422 745 3497 tuos3
770 3422 826 3487 sed
841 3422 906 3500 ille,
929 3424 981 3490 cui
999 3424 1260 3503 dicatissimus,
1282 3446 1350 3491 non
1368 3428 1442 3492 sinit

306 3521 363 3585 tua
383 3522 614 3604 temptamenta
637 3523 723 3589 adire
746 3525 844 3591 corda
864 3526 968 3601 reeta;
993 3528 1135 3610 suggerit
1158 3528 1241 3593 enim
1265 3530 1472 3611 scriptume

315 3624 403 3689 cero
424 3645 475 3691 eos
497 3629 554 3709 qai
575 3630 738 3695 eamear
758 3630 802 3695 od
824 3634 953 3696 moneo
975 3634 1005 3695 et
1021 3631 1172 3697 redimere
1193 3651 1242 3697 ecs
1264 3633 1324 3713 qai
1338 3634 1440 3698 inter·

408 3795 621 3861 emanasse
691 3798 857 3864 13ib.21,3
928 3800 1064 3865 181o.21,
1079 3802 1112 3855 15
1181 3801 1373 3869 esitasse

303 3881 336 3935 31
356 3882 392 3936 ib.
410 3882 453 3948 24,
472 3885 512 3939 11.
532 3885 564 3938 12

356 4036 373 4090 2
385 4040 450 4109 aput
460 4057 495 4093 m.
507 4046 522 4093 1
593 4041 609 4093 5
622 4014 771 4129 punierim
783 4044 804 4107 ί·
815 4060 848 4097 or.
867 4046 932 4110 ree.)
1003 4016 1175 4098 execretorem
1194 4046 1282 4113 (corr.
1295 4064 1332 4101 m.
1344 4050 1372 4115 1)

305 4175 321 4227 7
339 4122 479 4243 critola.
497 4179 563 4243 rec.)
582 4178 667 4231 etsie
685 4178 799 4234 l.s.15
817 4181 956 4234 etldde'e
1042 4181 1075 4235 18
1094 4183 1158 4248 aput
1181 4188 1251 4237 m.1
1347 4184 1381 4237 20
1397 4160 1437 4239 hui

306 4264 328 4327 (⁰
346 4278 380 4316 m.
398 4264 464 4329 rec.)
669 4263 672 4267 ’
