3050 5000
287 362 330 428 62
773 362 922 419 Luciferi

287 555 431 616 aeatrem
452 570 545 616 mam
557 574 568 631 ;
594 552 661 634 spei
688 572 762 616 aare
777 556 968 634 permanent
995 557 1159 636 tamquam
1181 553 1317 618 caesia
1333 571 1424 634 pcr-

284 660 379 737 petae
401 658 431 720 et
450 653 514 748 filii
536 675 643 720 earam
657 659 780 737 accepta
803 670 922 739 orpaaa
944 653 1060 722 adeat
1083 675 1153 722 cam
1174 656 1423 736 damtaareata,

287 761 325 821 ‘at
338 758 443 822 attam
457 759 660 841 depeream
672 758 771 841 bena,
794 779 864 824 cam
878 759 965 824 dicat
979 759 1142 826 dominas:
1164 759 1295 826 recedite
1317 779 1341 824 a
1355 779 1422 840 aaa,

286 862 404 943 iamai,
438 861 512 926 aias
533 859 664 927 itteram
685 861 756 928 nala
779 881 876 945 ansae,
910 855 1062 943 quantam
1083 863 1214 929 taeecma
1236 863 1422 946 impioram

285 965 489 1047 ‘eatiaqaetar
510 968 540 1028 et
558 967 674 1048 percita
694 964 843 1031 delebant
864 965 902 1029 ia
923 965 994 1030 atta
1014 983 1084 1032 aaa.
1129 972 1222 1032 creat
1244 971 1421 1049 mmqaam
1446 981 1457 1021 ⁵

284 1067 393 1150 patae,
429 1087 508 1148 qaae
535 1087 558 1131 a
587 1073 679 1133 aecta
706 1069 858 1152 raptans
881 1073 939 1134 aut
966 1073 1129 1152 tamquam
1151 1065 1277 1153 patetis,
1311 1071 1372 1153 qai
1396 1091 1421 1134 a

286 1174 466 1261 tempestate
480 1170 638 1250 calmetam
659 1170 790 1236 aideamt
805 1176 910 1236 autem
926 1171 1009 1237 acati
1023 1172 1155 1238 itteram
1170 1176 1310 1238 mertem.
1338 1190 1419 1236 cum

288 1276 366 1339 haec
383 1273 482 1339 sciam
498 1274 658 1339 domnum
675 1273 713 1338 de
728 1274 792 1340 sslis
809 1275 934 1353 dixisse,
950 1277 1055 1342 scitote
1069 1277 1147 1359 qaia
1161 1295 1251 1340 aemc
1266 1279 1417 1340 uestram

288 1381 386 1458 potest
406 1398 453 1442 me
475 1397 654 1459 capescere
675 1381 713 1441 at
733 1382 865 1456 taceam,
889 1397 944 1443 cur
966 1380 1044 1443 haec
1067 1377 1313 1462 gloriosissimus
1331 1377 1418 1442 dicit

287 1482 368 1547 Ieb?
402 1480 462 1546 nisi
490 1481 563 1564 quia
593 1480 688 1545 sciret
711 1499 806 1563 quam
827 1481 979 1563 plurimes
1002 1475 1129 1564 quidem
1150 1481 1234 1546 maie
1258 1499 1358 1565 agere
1382 1481 1419 1545 et
1431 1495 1454 1532 1⁰

286 1586 396 1648 tamen
418 1584 515 1649 certis
536 1603 598 1649 non
620 1585 727 1649 statim
748 1584 852 1664 reddi,
876 1584 934 1652 sed
948 1586 1068 1652 seruari
1084 1604 1138 1652 ees
1154 1585 1194 1650 ad
1208 1588 1278 1664 hcc,
1301 1586 1340 1650 ut
1359 1584 1417 1649 aut

288 1706 323 1753 se
346 1687 505 1770 corrigant
528 1689 582 1752 ant
597 1689 683 1753 certe
700 1689 773 1770 pest
790 1688 910 1754 ebitum
925 1690 1065 1754 sentiant
1077 1689 1264 1754 delictorum
1280 1707 1416 1754 suerum

287 1793 414 1873 peenas,
438 1791 574 1855 sentiant
595 1792 671 1873 quid
692 1791 787 1856 fuerit
808 1811 867 1857 nen
891 1793 1051 1875 quaesisse
1075 1792 1178 1871 deum,
1202 1810 1263 1856 nen
1286 1791 1316 1856 ei
1340 1811 1414 1857 ser-

286 1893 382 1970 uisse,
408 1893 481 1957 dum
503 1891 638 1958 facultas
661 1894 738 1972 erat,
760 1893 918 1959 credendo
940 1895 972 1959 in
996 1914 1067 1960 eum
1090 1894 1192 1960 scium
1206 1894 1413 1959 famulanda-

286 1988 350 2078 ⁴que
375 1995 402 2060 ei
426 2015 497 2061 eum
519 1997 697 2078 promereri.
743 1998 808 2061 iam
831 1997 925 2062 crede
948 1998 1112 2064 conuictus
1133 1997 1214 2063 tanti
1236 1995 1297 2062 niri
1311 1998 1412 2063 testi-
1427 2021 1451 2060 re

287 2098 391 2163 menie
420 2097 546 2163 desinas
576 2099 680 2164 dcere
701 2100 734 2163 te
757 2099 841 2164 iuste
864 2099 986 2178 secisse,
1011 2100 1094 2183 qued
1117 2101 1273 2166 amoueris
1289 2100 1412 2166 donnini

286 2194 469 2268 sacerdotes
504 2202 536 2266 et
571 2203 764 2268 ordinareris
798 2203 893 2268 etiam
925 2203 1074 2269 Arrianae
1103 2204 1178 2268 fidei
1204 2203 1348 2270 hemines
1380 2205 1413 2269 et

285 2307 417 2372 iusseris
435 2305 535 2371 tidem
559 2307 735 2397 praedicari
758 2307 881 2372 Arriani
899 2307 1064 2392 dogmatis,
1089 2307 1173 2391 qued
1187 2301 1412 2390 proscripseris

286 2412 319 2475 et
357 2409 570 2492 depertaueris
608 2411 640 2474 et
671 2411 829 2475 tormenta
867 2411 1043 2477 admoueris
1085 2411 1178 2493 atque
1211 2408 1412 2476 interfeceris

286 2505 454 2577 'eredentes
468 2512 501 2576 in
512 2512 640 2577 unicum
653 2512 703 2577 dei
715 2513 833 2589 tilium
847 2514 981 2593 desines,
992 2515 1130 2597 inquam,
1144 2512 1249 2581 dicere
1261 2508 1410 2599 prepter·
1424 2534 1448 2573 se

285 2611 326 2680 ‘ea
347 2611 510 2707 te'uiaere
542 2614 641 2680 etsie
669 2615 701 2679 in
723 2634 820 2699 regno
847 2616 968 2698 florere,
992 2618 1076 2700 qued
1096 2617 1153 2681 ille
1177 2618 1278 2701 egeris
1301 2637 1339 2682 ac
1364 2619 1410 2683 sis

286 2736 411 2801 gerens,
435 2715 559 2799 ¹(peranda
571 2717 686 2807 'audias
703 2718 860 2783 dicentem
875 2708 994 2784 insturn
1010 2720 1113 2785 anum
1128 2721 1195 2799 Iob,
1219 2738 1311 2804 quem
1326 2719 1410 2787 ‘deus

286 2822 353 2886 sine
379 2819 507 2903 querela
531 2820 643 2885 dixerit
665 2822 725 2886 sibi
741 2823 887 2901 seruisse,
911 2839 1003 2905 quern
1019 2838 1129 2888 uerum
1145 2842 1236 2889 suum
1252 2823 1409 2888 cultorem

286 2922 471 3000 barrauen't,
496 2922 579 3004 qued
603 2910 790 3003 enim‚'cum
812 2925 983 3009 sintimpie
1007 2926 1242 3009 quamplurimi
1265 2925 1407 3008 agentes,

284 3024 396 3089 tamen
417 3024 449 3090 in
470 3026 530 3089 hac
553 3025 621 3090 nita
640 3027 751 3092 uiuant
774 3047 868 3110 quam
883 3028 1117 3095 iucundissime.
1156 3028 1258 3093 adbuc
1276 3027 1407 3110 dignare
1421 3044 1444 3086 rs

287 3128 430 3210 accipere
446 3148 527 3211 quae
542 3128 624 3218 inira
640 3130 725 3217 dieat
741 3130 780 3194 de
796 3130 886 3195 uobis
900 3130 1004 3213 impiis
1021 3132 1052 3196 et
1068 3144 1222 3215 cognosce
1238 3130 1406 3214 quomedo,

286 3252 359 3296 eum
381 3231 465 3296 male
490 3232 602 3324 agatis,
623 3216 862 3297 interim'uobis
876 3234 1023 3315 parcatur
1039 3234 1071 3297 et
1086 3233 1186 3298 temet
1201 3233 1260 3297 dee
1275 3229 1406 3314 rep'rae-

284 3334 377 3417 senta
407 3352 463 3416 per
495 3327 728 3417 paenitentiam.
774 3336 947 3401 nesciebam
975 3338 1127 3417 quantam
1156 3337 1233 3401 tates
1263 3335 1406 3401 tenebrae
1509 3364 1510 3367 ¹

284 3440 440 3502 aeatasae
461 3440 564 3502 essent
584 3444 657 3503 aab
677 3440 794 3521 faeiem
815 3458 926 3504 mecam.
959 3460 1057 3522 qaam
1079 3460 1159 3523 apo,
1182 3440 1316 3519 danaae,
1339 3458 1406 3504 aea
1509 3426 1510 3493 i

278 3540 375 3623 potui
385 3559 453 3603 aaa
463 3539 544 3604 bara
559 3540 675 3620 tatere,·
691 3541 784 3622 impii
799 3546 904 3606 autem
915 3544 1129 3607 transeuntia
1142 3543 1261 3627 barbas
1273 3543 1404 3626 alietate,
1419 3550 1444 3589 ³⁰

283 3647 313 3707 et
333 3662 439 3725 prepea
461 3644 570 3707 eatam
593 3664 663 3708 cam
681 3644 864 3724 pastoribus
885 3650 1065 3726 rapuerant
1090 3652 1119 3710 et
1140 3666 1258 3728 pecora
1286 3644 1403 3727 arpha-

386 3796 486 3851 2010b
504 3798 545 3851 23.
565 3799 596 3851 17
614 3828 649 3838 -
665 3798 706 3867 24,
726 3799 757 3851 11

335 3900 404 4016 2111ί
484 3936 555 4006 Sat]
574 3939 601 3990 et
619 3938 684 4004 sart.
773 3939 930 4009 degerentc
1022 3941 1054 3994 10
1072 3940 1150 3995 sciret
1165 3941 1200 4009 (ci
1217 3943 1248 3997 ta
1265 3945 1335 4010 ras.)

283 4019 315 4096 11
335 4020 421 4090 certis]
439 4022 530 4090 pesnis
548 4022 615 4076 add.
627 4024 762 4077 Latinitas
775 4025 863 4094 fatam·
875 4026 910 4091 ef.
923 4026 982 4080 iad.
1054 4025 1086 4080 13
1099 4026 1207 4095 quisisse
1278 4027 1309 4081 15
1328 4026 1400 4082 erede

282 4106 319 4168 V,
338 4104 447 4160 credes
550 4107 582 4161 16
606 4109 758 4163 ammoneris
862 4110 1337 4182 rtema·‘1scnse;cf.p.es,a⁵

283 4190 317 4242 20
335 4190 438 4244 desines
448 4193 558 4261 scripsi,
576 4192 673 4246 dminis
690 4196 720 4258 V,
739 4194 861 4250 desinet
911 4194 964 4252 ’24
982 4198 1098 4251 narratrit
1111 4197 1197 4252 Gaieti
1266 4198 1299 4252 25
1318 4199 1401 4253 iocan-

282 4274 405 4328 dissimae
474 4276 506 4330 31
525 4277 672 4332 orianorum
