3050 5000
395 417 437 470 De
455 434 508 472 non
526 418 705 472 conueniendo
723 435 783 473 eum
800 420 947 476 haereticis.
1195 427 1234 491 21

106 605 249 688 uiuente,
272 605 325 670 sed
346 608 559 672 consolamini
581 609 799 690 nosmetipsos
814 609 934 694 cotidie,
959 610 1057 676 donee
1078 612 1168 678 hodie
1182 633 1237 678 uo-

107 713 212 786 ootm,
236 728 275 773 ne
295 711 506 790 praeduretur
529 710 649 792 uliquis
663 731 700 776 eu
715 712 804 776 uobis
820 714 857 776 in
874 733 980 777 errore
989 716 1122 795 peeooti.
1153 738 1237 797 por-

107 813 222 894 tioiqoes
250 813 334 876 enim
357 812 478 879 omen
505 813 585 894 faeti
613 833 730 897 sumus,
760 816 914 900 siquidem
937 817 1139 898 principium
1166 821 1240 884 suo-

107 917 250 980 stontioe
261 935 359 997 usque
374 917 418 981 oei
434 918 529 998 qinom
544 918 674 998 firmum
685 920 886 982 tenuerimus.
910 919 987 984 oium
1001 919 1120 984 dioiim
1135 920 1234 998 hodie,

79 1019 139 1082 ‘si
173 1039 277 1084 uooem
311 1039 414 1084 meum
443 1020 630 1103 audieritis,
659 1020 756 1086 notite
778 1021 980 1102 praedurare
1006 1023 1102 1087 eorde
1128 1031 1236 1088 uestro

106 1123 192 1186 siout
202 1123 487 1189 inmooerbotione.
503 1122 635 1204 quioiom
650 1124 737 1186 enim
753 1124 862 1188 audito
874 1123 930 1190 nu
941 1143 1005 1189 non
1016 1125 1237 1206 eredidemnt5

106 1225 163 1290 sed
189 1245 256 1290 non
287 1245 392 1290 omnes
419 1226 475 1308 qui
504 1227 650 1290 exierunt
677 1226 714 1290 oie
736 1227 879 1309 Aeqqpto
901 1248 964 1308 per
988 1227 1134 1312 Moysen.
1177 1229 1234 1310 qui

107 1333 216 1392 autem
238 1331 345 1410 perosi
377 1330 406 1393 ei
438 1329 571 1410 fuerunt
603 1330 825 1411 quodroqinto
854 1332 977 1394 aunis?
1020 1353 1087 1396 non
1115 1330 1150 1394 m·
1178 1332 1235 1414 qui

99 1438 325 1514 peeouueruut,
348 1450 480 1515 quorum
496 1433 656 1497 oudonem
672 1434 842 1497 innuerunt
856 1435 893 1496 in
908 1434 1104 1515 solitudine?
1118 1435 1234 1516 quibus

64 1541 93 1582 1⁰
106 1540 214 1599 autem
236 1537 362 1600 iurauit
382 1557 447 1600 non
462 1538 638 1600 intraturos
653 1537 690 1599 in
705 1537 846 1617 requiem
868 1557 961 1600 suum
983 1537 1049 1602 nisi
1070 1543 1234 1603 contumu-

105 1639 222 1702 eibus?
244 1644 272 1702 ei
293 1640 439 1705 uidemus
461 1641 539 1721 quio
562 1659 627 1703 non
646 1643 819 1719 potnerunt
839 1641 965 1705 intrare
976 1646 1110 1722 propter
1131 1642 1231 1705 inere·

105 1741 285 1808 dulitoiem.
307 1725 475 1806 timeamus
496 1743 604 1823 itoque
626 1761 665 1805 ue
687 1761 764 1806 ousu
779 1741 924 1808 derelicto
939 1743 1092 1808 monetote
1107 1743 1232 1808 intrare

106 1845 240 1926 quidem
261 1849 400 1910 nestrum
422 1847 459 1909 in
482 1847 620 1927 requiem
642 1847 709 1910 eius
731 1866 797 1910 non
812 1865 907 1927 posse
928 1847 1111 1911 uideantur.
1155 1867 1234 1911 nom

106 1953 135 2012 et
158 1949 390 2013 adnuntiatum
411 1954 456 2014 est
478 1947 578 2027 uobis,
604 1949 867 2030 quemadmodum
888 1956 917 2014 et
932 1948 1010 2029 iliis,
1033 1949 1142 2015 et'non
1150 1969 1232 2032 pro·

64 2065 91 2105 1⁵
105 2051 171 2131 fuit
191 2049 259 2114 iilis
287 2051 417 2115 uerbum
444 2051 585 2129 nuditus,
614 2071 680 2115 non
696 2056 901 2140 temperatus
931 2052 1009 2134 liutei
1036 2053 1230 2120 auditorum.

106 2153 298 2218 intrabimus
327 2154 413 2218 enim
440 2155 476 2218 in
503 2154 642 2234 requiem
669 2155 737 2218 eius
766 2155 822 2236 qui
843 2155 1047 2239 credidimus,
1076 2161 1112 2220 nt
1132 2156 1232 2223 oiiuit:

104 2257 187 2321 simi
208 2257 319 2320 imoui
341 2257 378 2320 in
405 2257 460 2320 iro
481 2271 566 2321 meu:
600 2256 629 2320 si
650 2257 820 2321 intrabunt
841 2258 879 2321 in
899 2259 1037 2339 requiem
1064 2277 1177 2336 meum,
1200 2262 1232 2321 et

104 2379 176 2424 oum
198 2379 293 2440 opero
315 2360 355 2422 ab
377 2359 501 2442 oriqine
523 2357 637 2422 mundi
656 2360 747 2441 foetu
767 2364 852 2424 sunt.
876 2360 962 2424 dieii
981 2365 1088 2425 eumen
1110 2361 1230 2426 oiiouii

105 2464 143 2528 de
159 2464 215 2535 ,oie
237 2465 386 2545 septimo:
408 2461 454 2529 sio
469 2467 497 2528 et
512 2463 666 2545 requieuii
679 2463 755 2528 rietes
769 2464 807 2528 in
820 2465 870 2529 die
884 2465 1015 2546 septimo
1031 2470 1072 2530 ob
1086 2465 1232 2531 omnibus

62 2581 92 2621 ²⁰
105 2569 250 2649 operibus
263 2568 337 2632 suis.
361 2570 389 2631 o't
404 2568 441 2630 in
456 2566 512 2631 iioo
528 2568 643 2631 iterum
652 2589 662 2631 .·
684 2569 713 2631 si
728 2569 900 2633 intrabunt
910 2571 947 2633 in
961 2570 1101 2651 requiem
1116 2589 1229 2638 meum

105 2692 177 2753 erqo
200 2672 277 2752 quio
299 2675 437 2752 superesi
459 2670 653 2753 reliquorum
675 2662 799 2735 intno'rre
820 2672 858 2735 in
878 2672 981 2749 iiiam,
1011 2677 1039 2736 et
1060 2670 1097 2734 m·
1117 2672 1232 2753 qums

100 2777 197 2857 prius
213 2775 441 2856 proeoiiootum
462 2767 506 2838 est
528 2794 594 2837 non
615 2774 823 2839 intrauerunt
830 2778 966 2855 propter
983 2776 1226 2839 eontnmueiom.

105 2897 219 2942 rursus
247 2877 347 2941 oiiom
368 2876 541 2958 praefiniit
569 2876 652 2939 diem
680 2876 772 2941 hodie
798 2878 835 2940 in
856 2875 972 2941 Dauid
998 2877 1131 2943 dicendo
1155 2882 1229 2958 post

105 2986 232 3046 tontum
254 2981 413 3061 temporis,
438 2981 520 3045 sieut
542 2984 638 3043 unteu
661 2980 783 3045 dietum
804 2984 862 3045 est:
886 2980 976 3045 hodie
997 2982 1025 3045 si
1040 3001 1146 3045 uocem
1160 2982 1229 3045 eius

63 3094 91 3135 ’ὃ
105 3084 282 3162 audieritis,
305 3083 402 3148 nolite
422 3084 621 3164 praedurum
649 3084 746 3148 eoroiu
768 3088 885 3161 nestro,
913 3086 1064 3165 quonium
1085 3085 1116 3148 si
1137 3084 1229 3148 Iesus

105 3187 172 3253 iliis
194 3188 331 3268 requiem
353 3187 494 3268 dedisset,
518 3206 584 3251 non
605 3182 644 3251 oie
666 3186 736 3250 aiio
757 3187 898 3252 dixisset.
922 3192 1055 3268 postero
1083 3187 1135 3251 ‹iie
1156 3206 1229 3269 erqo

104 3295 201 3356 restet
229 3290 349 3371 reqmes
372 3290 493 3371 populo
522 3291 584 3357 olei.
628 3290 742 3354 etenim
771 3291 828 3371 qni
853 3290 996 3354 intrauit
1023 3290 1062 3353 in
1087 3292 1229 3371 requiem

105 3397 180 3470 eius,
209 3399 237 3459 et
266 3395 334 3474 inse
362 3393 516 3473 requienit
543 3391 583 3455 ot
612 3393 755 3473 operibus
780 3393 858 3472 suis,
887 3393 969 3457 sieut
996 3412 1018 3455 o
1045 3393 1114 3458 suis
1141 3395 1227 3458 deus.

106 3497 174 3579 quis
195 3496 262 3561 tem
285 3494 411 3572 stultus,
434 3494 470 3557 ut
484 3510 558 3559 oum
580 3494 658 3558 haee
677 3492 801 3577 legerit,
824 3496 903 3559 hueo
920 3494 1078 3577 acceperit
1100 3496 1229 3561 abesto

63 3607 91 3648 ⁸⁰
106 3599 255 3683 apostolo,
280 3598 427 3663 deserens
449 3597 546 3661 fidem
563 3598 769 3679 apostolieum
784 3598 944 3680 suscipere
957 3597 1093 3679 temptet
1115 3599 1228 3663 heere·
1296 3573 1339 3678 NJ

105 3706 192 3768 sem?
214 3702 284 3784 quis
304 3720 376 3765 eum
391 3718 506 3783 negare
524 3700 661 3779 audebit,
679 3719 772 3782 quem
788 3700 898 3765 uideat
913 3700 1072 3765 aeternam
1086 3702 1228 3783 requiem

102 3806 240 3874 tribuere
262 3804 423 3887 potentem
446 3802 648 3868 medentibus
678 3822 721 3882 se,
757 3802 791 3868 et
818 3800 897 3869 ueh't
923 3801 956 3867 in
984 3802 1075 3868 illum
1097 3804 1227 3868 eredere

103 3929 175 3973 eum
199 3927 258 3990 quo
280 3908 411 3991 incipiat
431 3907 463 3971 in
488 3907 650 3972 aeternum
672 3906 797 3989 puniri?
842 3906 911 3987 quis
941 3906 990 3971 eet
1011 3906 1085 3971 talis
1109 3905 1170 3970 nisi
1191 3906 1227 3969 tu

104 4011 305 4077 Constantius
327 4012 506 4094 imperator,
530 4011 583 4092 qni
600 4008 796 4092 dereliquisti
813 4010 929 4075 domini
946 4009 1052 4074 eastre
1068 4008 1100 4073 et
1118 4008 1228 4071 trane-

153 4250 167 4302 1
186 4248 299 4303 eotidine
367 4248 399 4301 21
418 4248 584 4317 reliquorum]
604 4248 705 4317 aliquos
724 4264 813 4302 eornm
824 4248 901 4315 fort,
920 4249 1034 4317 reliquos
1054 4262 1143 4301 eornm
1154 4246 1227 4303 euni.

104 4336 289 4405 Gallonium,-
307 4334 482 4388 &nemineum
493 4334 570 4395 τινὰς
587 4334 718 4395 stertinio
737 4341 803 4391 tent.
822 4350 863 4405 qr.
942 4334 977 4387 32
993 4334 1022 4387 in
1041 4349 1069 4387 se
1087 4332 1227 4387 Latmius
