3050 5000
302 383 365 448 138
791 378 944 433 Luciieri

302 568 546 634 inaestimabilis
567 568 728 635 inmensus
751 568 909 645 aeternus,
933 566 1027 631 sicuti
1043 564 1086 631 sit
1108 564 1140 629 ot
1155 563 1252 629 cuius
1277 561 1326 627 sit
1341 556 1451 623 iilius?

300 671 440 736 credidit
468 673 579 737 sancta
606 670 743 737 ecclesia
770 690 865 737 unam
894 668 1067 753 potentiam
1094 668 1214 733 habere
1247 664 1450 745 unicamque

302 773 547 841 dominationem
562 774 684 857 patrem
697 775 730 839 et
742 773 844 839 filium
857 775 889 839 et
904 772 1048 856 spiritum
1061 770 1216 837 sanctum.
1234 770 1327 835 hanc
1340 766 1449 834 fidem.

305 876 484 962 <in>quam,
503 878 583 943 dicis
598 878 792 944 haereticam
807 878 839 941 et
853 878 943 943 teram
959 874 1096 943 adstruis
1119 872 1334 947 catholicam,
1360 870 1449 934 ssiam

304 997 385 1061 quae
408 980 495 1045 dicat
517 980 612 1046 deum
626 1000 688 1047 non
709 982 827 1046 habere
850 998 962 1045 uerum
983 978 1094 1057 filium,
1118 993 1200 1059 quae
1226 974 1324 1041 dicat
1345 976 1477 1057 fuisses

304 1085 434 1165 quando
455 1084 649 1165 confuerit,
673 1102 753 1167 quae
783 1083 870 1149 dicat
895 1083 1018 1164 factem
1045 1102 1083 1147 es
1103 1079 1220 1161 nihilo,
1257 1078 1383 1161 utique
1414 1096 1446 1140 er

304 1185 369 1250 illis
393 1187 545 1263 sensibus,
568 1186 680 1269 quibus
702 1186 873 1263 Rahsaces,
898 1185 961 1250 dux
983 1184 1183 1270 Assyriorum
1197 1184 1301 1266 regis,
1329 1200 1446 1265 expro-

306 1289 420 1354 brabat
442 1288 537 1354 deum
557 1288 704 1355 Abrahae
727 1290 759 1353 et
782 1288 876 1353 deum
899 1289 989 1353 Isaac
1014 1289 1046 1353 et
1069 1287 1163 1353 deum
1185 1286 1288 1351 Iacob
1316 1284 1444 1349 dicens:

303 1412 370 1456 aaa
391 1411 447 1457 uos
468 1392 596 1458 seducat
610 1390 778 1475 Bacchias,
802 1392 881 1474 quia
890 1393 997 1475 possit
1010 1410 1066 1457 uos
1081 1390 1216 1457 litcrcrc
1233 1388 1271 1455 de
1287 1388 1444 1453 manibus

304 1496 387 1578 repis
408 1494 618 1578 Assyriorum
638 1495 716 1561 deus
735 1500 847 1560 uester.
871 1493 918 1559 ita
941 1495 974 1558 et
990 1494 1037 1574 tu,
1061 1492 1124 1557 dux
1142 1490 1338 1569 antichristi,
1367 1490 1470 1555 dicisu

303 1614 363 1679 per
384 1597 474 1661 tuos:
496 1616 561 1661 nou
581 1614 639 1662 uos
652 1596 804 1663 seducant
822 1596 921 1663 uerba
936 1596 1153 1679 episcoporum
1167 1600 1365 1672 uestrorum,
1390 1596 1442 1675 qui

303 1697 386 1761 mihi
429 1698 651 1763 contradicunt
694 1698 773 1780 quia
809 1716 865 1763 uos
905 1697 1038 1763 liberare
1079 1702 1178 1779 potest
1214 1697 1297 1781 fides
1344 1716 1440 1778 quam

304 1799 358 1864 illi
379 1799 576 1881 praedicaret.
619 1797 697 1865 lieet
718 1800 802 1865 enim
826 1818 1000 1865 sermonem
1023 1798 1156 1877 uariant,
1185 1799 1297 1863 tamon
1321 1816 1379 1863 rcs
1404 1798 1439 1861 ad

301 1901 362 1966 hoc
390 1901 587 1984 perducitur,
616 1902 653 1966 ut
680 1902 826 1969 constare
854 1902 954 1986 possit
985 1903 1018 1967 te
1052 1902 1097 1967 sic
1127 1901 1216 1967 nohis
1247 1902 1438 1983 exprobrare

305 2003 409 2081 deum,
432 2005 514 2087 quod
534 2005 617 2071 enim
638 2006 783 2087 inpotens
807 2006 849 2071 sit
865 2006 904 2070 ad
922 2004 1097 2087 eripiendos
1112 2022 1179 2081 nos,
1203 2004 1369 2086 quomodo
1386 2023 1465 2067 reis

304 2107 496 2190 exprobrarit
519 2109 735 2193 Assyriorum:
759 2108 836 2175 haec
858 2108 937 2173 dicit
959 2128 1016 2175 rea
1037 2108 1265 2191 Assyriorum:
1287 2108 1321 2171 si
1335 2108 1437 2173 uultis

302 2210 459 2289 benedici,
487 2213 566 2277 erite
587 2213 698 2293 potiris
731 2212 775 2277 ad
807 2232 854 2277 ure
886 2216 915 2277 et
947 2210 1182 2278 manducabitis
1214 2212 1437 2293 uuusquisque

301 2313 444 2394 fructum
464 2317 606 2379 uestrum
627 2315 740 2379 uineae
761 2317 791 2378 et
811 2314 900 2398 (icus,
923 2317 954 2378 et
974 2312 1082 2379 moues
1104 2334 1224 2395 cauam
1245 2312 1285 2378 de
1303 2314 1436 2379 lacubus

302 2417 428 2491 uestris,
451 2416 550 2481 donec
571 2417 704 2482 ueniam
724 2420 755 2482 et
776 2416 936 2501 accipiam
956 2434 1012 2481 uos
1034 2417 1071 2482 iu
1093 2422 1179 2482 terra
1195 2418 1267 2493 tati,
1292 2418 1384 2483 sicut
1399 2422 1436 2483 cet

303 2526 392 2584 terra
412 2523 532 2601 uestra,
555 2525 641 2585 terra
664 2521 766 2586 tritici
787 2525 817 2586 et
839 2522 913 2585 uiui
934 2525 963 2585 et
979 2521 1082 2603 pariis
1104 2525 1134 2586 et
1153 2522 1345 2587 aurearum.
1376 2541 1461 2587 amu

305 2641 378 2706 erpo
400 2641 456 2688 uos
477 2624 606 2688 seducat
626 2623 781 2690 Erechias
796 2623 921 2690 dicens:
941 2623 1020 2689 deus
1034 2642 1092 2688 uos
1106 2623 1263 2708 tihcrahit,
1288 2623 1326 2686 et
1341 2623 1433 2688 infra:

305 2726 378 2807 quis
400 2724 545 2791 liberabit
573 2726 780 2792 Hierusalem
806 2727 844 2792 de
866 2746 966 2792 mauu
997 2727 1090 2792 orec?
1134 2726 1191 2790 sed
1214 2725 1302 2808 quod
1328 2728 1435 2792 contra

302 2827 377 2892 talis
394 2845 463 2892 csse
477 2829 513 2893 tu
529 2829 723 2894 monstratus
740 2847 785 2906 es,
810 2829 888 2894 dicit
903 2848 956 2894 ore
971 2829 1075 2894 Isaiae
1094 2829 1172 2894 deus
1188 2829 1229 2893 ad
1244 2829 1434 2894 Ezechiam:

305 2949 371 2994 uou
394 2934 438 2994 cst
459 2931 543 3013 quod
557 2951 682 3013 paucas
700 2953 721 2994 a
742 2933 939 2998 sermonibus
960 2933 1032 2998 istis
1054 2931 1298 3013 quaeaudistis,
1326 2935 1435 3016 quibes

303 3032 578 3115 eaprotruucruut
597 3055 646 3098 me
667 3034 763 3118 lepati
776 3035 993 3118 Assyriorum.
1016 3054 1080 3101 ecce
1101 3035 1190 3100 mitto
1213 3053 1324 3100 meum
1340 3039 1462 3118 spiri-s

161 3127 164 3132 ’
303 3139 383 3216 tum,
407 3139 435 3200 et
457 3135 568 3202 audito
583 3137 698 3201 auretio
711 3141 886 3202 reuertatur
905 3138 944 3200 iu
959 3138 1083 3220 repioae
1098 3155 1158 3202 sua
1173 3141 1203 3202 et
1217 3138 1314 3204 cadet
1331 3141 1435 3223 plodio

303 3239 342 3302 ire
362 3244 451 3303 terra
470 3257 541 3304 sua.
583 3239 641 3304 illa
662 3258 756 3318 nunc,
789 3239 962 3318 Constanti,
997 3241 1082 3306 circa
1109 3240 1143 3306 te
1166 3242 1251 3306 stare
1277 3244 1435 3308 cernimus

302 3341 454 3422 pericula,
487 3342 548 3406 nisi
575 3343 634 3408 tibi
663 3342 777 3408 feceris
807 3361 876 3408 esse
900 3343 1088 3421 consultum,
1119 3363 1199 3426 quae
1228 3345 1320 3410 circa
1350 3347 1434 3411 illum

305 3443 450 3508 steterint
472 3445 525 3527 qui
550 3445 696 3512 dicebat:
718 3448 764 3511 sie
786 3447 896 3512 dicetis
917 3447 1072 3514 Ezechiae
1093 3450 1160 3530 rapi
1183 3447 1291 3514 Iuda:
1320 3455 1434 3516 mauu

306 3546 436 3612 seducat
456 3548 533 3613 deus
553 3553 638 3631 tuus,
661 3550 699 3614 irr
713 3568 775 3630 puo
791 3549 935 3632 confidis,
951 3550 1078 3616 diceus:
1100 3569 1165 3616 acu
1179 3550 1334 3616 trudeim
1348 3553 1459 3618 Iam-u

407 3749 484 3806 8111.
502 3751 545 3815 36,
564 3752 598 3805 14
668 3751 815 3822 laihte,
835 3753 936 3810 16-18
1005 3753 1207 3818 2211131120
1287 3755 1432 3816 seiher,

303 3835 362 3890 6.7
431 3835 632 3902 29113110

354 4026 496 4095 4111111111
514 4027 625 4095 scripsi,
645 4043 722 4097 qnam
744 4029 784 4083 Vu
860 4028 1027 4082 haeredicam
1045 4034 1112 4083 rui
1190 4030 1374 4100 iasyriomm

304 4110 334 4164 11
355 4111 468 4165 seducat
485 4117 552 4167 m.1
624 4113 658 4165 12
676 4112 799 4184 liberare]
817 4129 871 4167 non
889 4113 955 4168 add.
974 4130 995 4168 s.
1014 4115 1030 4168 l.
1050 4131 1083 4168 m.
1102 4130 1154 4168 rec.
1174 4120 1201 4168 et
1220 4133 1237 4169 u
1322 4117 1356 4172 15
1374 4121 1431 4174 enin

303 4213 384 4252 omo
457 4197 490 4252 18
506 4199 600 4268 uineae
669 4199 702 4254 23
718 4203 750 4254 tu
768 4217 852 4256 omo
921 4200 954 4253 25
972 4200 1179 4269 expohraucrunt
1197 4209 1270 4258 m.1
1347 4208 1431 4273 meum]

305 4283 334 4335 in
352 4299 411 4336 eum
429 4283 559 4338 Subutier
