<?xml version="1.0" encoding="UTF-8"?>
<!DOCTYPE html PUBLIC "-//W3C//DTD XHTML 1.0 Transitional//EN"
    "http://www.w3.org/TR/xhtml1/DTD/xhtml1-transitional.dtd">
<html xmlns="http://www.w3.org/1999/xhtml" xml:lang="en" lang="en">
 <head>
  <title>
</title>
<meta http-equiv="Content-Type" content="text/html;charset=utf-8" />
  <meta name='ocr-system' content='tesseract 3.04.00' />
  <meta name='ocr-capabilities' content='ocr_page ocr_carea ocr_par ocr_line ocrx_word'/>
</head>
<body>
  <div class='ocr_page' id='page_1' title='image "./corpusscriptoru03wissgoog_0277.png"; bbox 0 0 3050 5000; ppageno 0'>
   <div class='ocr_carea' id='block_1_1' title="bbox 274 354 910 445">
    <p class='ocr_par' dir='ltr' id='par_1_1' title="bbox 274 354 910 445">
     <span class='ocr_line' id='line_1_1' title="bbox 274 354 910 445; baseline -0.003 -34"><span class='ocrx_word' id='word_1_1' title='bbox 274 360 339 445; x_wconf 77' lang='lat'>228</span> <span class='ocrx_word' id='word_1_2' title='bbox 761 354 910 411; x_wconf 79' lang='lat' dir='ltr'><strong>Luciferi</strong></span> 
     </span>
    </p>
   </div>
   <div class='ocr_carea' id='block_1_2' title="bbox 272 544 1445 2903">
    <p class='ocr_par' dir='ltr' id='par_1_2' title="bbox 272 544 1445 2903">
     <span class='ocr_line' id='line_1_2' title="bbox 274 544 1415 630; baseline -0.006 -16"><span class='ocrx_word' id='word_1_3' title='bbox 274 568 333 614; x_wconf 90' lang='lat' dir='ltr'>sua</span> <span class='ocrx_word' id='word_1_4' title='bbox 353 548 455 613; x_wconf 90' lang='lat' dir='ltr'>uoluit</span> <span class='ocrx_word' id='word_1_5' title='bbox 477 548 517 611; x_wconf 91' lang='lat' dir='ltr'>ad</span> <span class='ocrx_word' id='word_1_6' title='bbox 538 547 724 630; x_wconf 89' lang='lat' dir='ltr'>populorum</span> <span class='ocrx_word' id='word_1_7' title='bbox 746 546 944 613; x_wconf 81' lang='lat' dir='ltr'>credentium</span> <span class='ocrx_word' id='word_1_8' title='bbox 965 545 1096 629; x_wconf 76' lang='lat' dir='ltr'>perferri</span> <span class='ocrx_word' id='word_1_9' title='bbox 1119 544 1281 609; x_wconf 74' lang='lat' dir='ltr'><strong>notitiam.</strong></span> <span class='ocrx_word' id='word_1_10' title='bbox 1313 544 1415 619; x_wconf 85' lang='lat' dir='ltr'>reete,</span> 
     </span>
     <span class='ocr_line' id='line_1_3' title="bbox 273 646 1416 733; baseline -0.006 -17"><span class='ocrx_word' id='word_1_11' title='bbox 273 652 411 733; x_wconf 86' lang='lat' dir='ltr'>inquam,</span> <span class='ocrx_word' id='word_1_12' title='bbox 439 650 610 716; x_wconf 73' lang='lat' dir='ltr'>insolentes</span> <span class='ocrx_word' id='word_1_13' title='bbox 633 649 780 732; x_wconf 77' lang='lat' dir='ltr'>designas</span> <span class='ocrx_word' id='word_1_14' title='bbox 803 669 860 715; x_wconf 89' lang='lat' dir='ltr'>nos</span> <span class='ocrx_word' id='word_1_15' title='bbox 883 649 935 715; x_wconf 91' lang='lat' dir='ltr'>dei</span> <span class='ocrx_word' id='word_1_16' title='bbox 959 650 1126 725; x_wconf 76' lang='lat' dir='ltr'>antistites,</span> <span class='ocrx_word' id='word_1_17' title='bbox 1154 649 1184 713; x_wconf 92' lang='lat' dir='ltr'>si</span> <span class='ocrx_word' id='word_1_18' title='bbox 1205 666 1265 713; x_wconf 85' lang='lat' dir='ltr'>nos</span> <span class='ocrx_word' id='word_1_19' title='bbox 1292 666 1333 711; x_wconf 89' lang='lat' dir='ltr'>ea</span> <span class='ocrx_word' id='word_1_20' title='bbox 1355 646 1416 711; x_wconf 89' lang='lat' dir='ltr'>tibi</span> 
     </span>
     <span class='ocr_line' id='line_1_4' title="bbox 275 751 1413 836; baseline -0.005 -17"><span class='ocrx_word' id='word_1_21' title='bbox 275 754 417 819; x_wconf 85' lang='lat' dir='ltr'>dieamus</span> <span class='ocrx_word' id='word_1_22' title='bbox 450 772 530 836; x_wconf 88' lang='lat' dir='ltr'>quae</span> <span class='ocrx_word' id='word_1_23' title='bbox 556 752 694 818; x_wconf 86' lang='lat' dir='ltr'>uoluerit</span> <span class='ocrx_word' id='word_1_24' title='bbox 721 752 800 817; x_wconf 87' lang='lat' dir='ltr'>deus</span> <span class='ocrx_word' id='word_1_25' title='bbox 832 752 895 818; x_wconf 89' lang='lat' dir='ltr'>diei</span> <span class='ocrx_word' id='word_1_26' title='bbox 920 753 960 817; x_wconf 91' lang='lat' dir='ltr'>ad</span> <span class='ocrx_word' id='word_1_27' title='bbox 982 770 1049 817; x_wconf 88' lang='lat' dir='ltr'>uos.</span> <span class='ocrx_word' id='word_1_28' title='bbox 1089 751 1159 816; x_wconf 92' lang='lat' dir='ltr'>odis</span> <span class='ocrx_word' id='word_1_29' title='bbox 1189 751 1340 816; x_wconf 85' lang='lat' dir='ltr'>amantes</span> <span class='ocrx_word' id='word_1_30' title='bbox 1371 752 1413 828; x_wconf 80' lang='lat' dir='ltr'>te,</span> 
     </span>
     <span class='ocr_line' id='line_1_5' title="bbox 273 855 1414 941; baseline -0.004 -19"><span class='ocrx_word' id='word_1_31' title='bbox 273 858 471 941; x_wconf 86' lang='lat' dir='ltr'>persequeris</span> <span class='ocrx_word' id='word_1_32' title='bbox 492 856 572 921; x_wconf 87' lang='lat' dir='ltr'>bene</span> <span class='ocrx_word' id='word_1_33' title='bbox 593 856 652 921; x_wconf 90' lang='lat' dir='ltr'>tibi</span> <span class='ocrx_word' id='word_1_34' title='bbox 675 856 854 938; x_wconf 78' lang='lat' dir='ltr'>cupientes,</span> <span class='ocrx_word' id='word_1_35' title='bbox 890 855 947 921; x_wconf 90' lang='lat' dir='ltr'>sed</span> <span class='ocrx_word' id='word_1_36' title='bbox 977 874 1037 921; x_wconf 93' lang='lat' dir='ltr'>non</span> <span class='ocrx_word' id='word_1_37' title='bbox 1066 856 1210 919; x_wconf 90' lang='lat' dir='ltr'>metuere</span> <span class='ocrx_word' id='word_1_38' title='bbox 1237 872 1414 937; x_wconf 87' lang='lat' dir='ltr'>possumus</span> 
     </span>
     <span class='ocr_line' id='line_1_6' title="bbox 274 956 1445 1025; baseline -0.004 0"><span class='ocrx_word' id='word_1_39' title='bbox 274 960 434 1025; x_wconf 84' lang='lat' dir='ltr'>frendores</span> <span class='ocrx_word' id='word_1_40' title='bbox 456 958 657 1024; x_wconf 80' lang='lat' dir='ltr'>carnificinae</span> <span class='ocrx_word' id='word_1_41' title='bbox 678 958 763 1023; x_wconf 89' lang='lat' dir='ltr'>tuae.</span> <span class='ocrx_word' id='word_1_42' title='bbox 787 958 878 1024; x_wconf 87' lang='lat' dir='ltr'>audis</span> <span class='ocrx_word' id='word_1_43' title='bbox 902 956 1018 1023; x_wconf 85' lang='lat' dir='ltr'>etenim</span> <span class='ocrx_word' id='word_1_44' title='bbox 1042 958 1204 1023; x_wconf 87' lang='lat' dir='ltr'>dominnm</span> <span class='ocrx_word' id='word_1_45' title='bbox 1229 958 1363 1023; x_wconf 79' lang='lat' dir='ltr'>dicore:</span> <span class='ocrx_word' id='word_1_46' title='bbox 1387 963 1445 1021; x_wconf 80' lang='lat' dir='ltr'>ets</span> 
     </span>
     <span class='ocr_line' id='line_1_7' title="bbox 273 1062 1414 1148; baseline -0.001 -21"><span class='ocrx_word' id='word_1_47' title='bbox 273 1069 324 1148; x_wconf 86' lang='lat' dir='ltr'>tn,</span> <span class='ocrx_word' id='word_1_48' title='bbox 357 1064 408 1145; x_wconf 75' lang='lat' dir='ltr'>fili</span> <span class='ocrx_word' id='word_1_49' title='bbox 435 1063 589 1143; x_wconf 86' lang='lat' dir='ltr'>bominis,</span> <span class='ocrx_word' id='word_1_50' title='bbox 624 1082 663 1125; x_wconf 82' lang='lat' dir='ltr'>m</span> <span class='ocrx_word' id='word_1_51' title='bbox 685 1062 830 1127; x_wconf 79' lang='lat' dir='ltr'>timueris</span> <span class='ocrx_word' id='word_1_52' title='bbox 851 1081 902 1127; x_wconf 87' lang='lat' dir='ltr'>eos</span> <span class='ocrx_word' id='word_1_53' title='bbox 924 1082 1022 1144; x_wconf 69' lang='lat' dir='ltr'>nenne</span> <span class='ocrx_word' id='word_1_54' title='bbox 1043 1064 1257 1144; x_wconf 79' lang='lat' dir='ltr'>trepidemris</span> <span class='ocrx_word' id='word_1_55' title='bbox 1281 1084 1305 1127; x_wconf 86' lang='lat' dir='ltr'><strong><em>a</em></strong></span> <span class='ocrx_word' id='word_1_56' title='bbox 1328 1062 1414 1143; x_wconf 77' lang='lat' dir='ltr'>faeie</span> 
     </span>
     <span class='ocr_line' id='line_1_8' title="bbox 273 1165 1412 1250; baseline -0.002 -19"><span class='ocrx_word' id='word_1_57' title='bbox 273 1188 395 1250; x_wconf 87' lang='lat' dir='ltr'>eornm,</span> <span class='ocrx_word' id='word_1_58' title='bbox 425 1167 576 1249; x_wconf 78' lang='lat' dir='ltr'>qnoniam</span> <span class='ocrx_word' id='word_1_59' title='bbox 597 1165 836 1247; x_wconf 75' lang='lat' dir='ltr'>effuriabuntur</span> <span class='ocrx_word' id='word_1_60' title='bbox 857 1170 886 1231; x_wconf 89' lang='lat' dir='ltr'>et</span> <span class='ocrx_word' id='word_1_61' title='bbox 907 1170 1093 1231; x_wconf 76' lang='lat' dir='ltr'>concurrent</span> <span class='ocrx_word' id='word_1_62' title='bbox 1114 1185 1210 1247; x_wconf 80' lang='lat' dir='ltr'>snper</span> <span class='ocrx_word' id='word_1_63' title='bbox 1233 1171 1261 1231; x_wconf 90' lang='lat' dir='ltr'>te</span> <span class='ocrx_word' id='word_1_64' title='bbox 1286 1166 1325 1231; x_wconf 89' lang='lat' dir='ltr'>in</span> <span class='ocrx_word' id='word_1_65' title='bbox 1347 1166 1412 1231; x_wconf 84' lang='lat' dir='ltr'>eir-</span> 
     </span>
     <span class='ocr_line' id='line_1_9' title="bbox 273 1268 1412 1349; baseline -0.004 -13"><span class='ocrx_word' id='word_1_66' title='bbox 273 1272 363 1336; x_wconf 86' lang='lat' dir='ltr'>enitn</span> <span class='ocrx_word' id='word_1_67' title='bbox 383 1274 413 1335; x_wconf 88' lang='lat' dir='ltr'>et</span> <span class='ocrx_word' id='word_1_68' title='bbox 434 1271 471 1333; x_wconf 87' lang='lat' dir='ltr'>in</span> <span class='ocrx_word' id='word_1_69' title='bbox 493 1269 595 1333; x_wconf 87' lang='lat' dir='ltr'>medio</span> <span class='ocrx_word' id='word_1_70' title='bbox 617 1269 816 1349; x_wconf 82' lang='lat' dir='ltr'>scorpionum</span> <span class='ocrx_word' id='word_1_71' title='bbox 840 1272 874 1333; x_wconf 83' lang='lat' dir='ltr'>tn</span> <span class='ocrx_word' id='word_1_72' title='bbox 895 1268 1031 1333; x_wconf 82' lang='lat' dir='ltr'>habitos.</span> <span class='ocrx_word' id='word_1_73' title='bbox 1067 1288 1222 1335; x_wconf 76' lang='lat' dir='ltr'>sermones</span> <span class='ocrx_word' id='word_1_74' title='bbox 1244 1288 1359 1334; x_wconf 84' lang='lat' dir='ltr'>eornm</span> <span class='ocrx_word' id='word_1_75' title='bbox 1374 1290 1412 1333; x_wconf 83' lang='lat' dir='ltr'>ne</span> 
     </span>
     <span class='ocr_line' id='line_1_10' title="bbox 273 1373 1411 1457; baseline -0.002 -20"><span class='ocrx_word' id='word_1_76' title='bbox 273 1374 427 1450; x_wconf 81' lang='lat' dir='ltr'>timueris,</span> <span class='ocrx_word' id='word_1_77' title='bbox 449 1394 471 1438; x_wconf 88' lang='lat' dir='ltr'>o</span> <span class='ocrx_word' id='word_1_78' title='bbox 492 1374 576 1455; x_wconf 79' lang='lat' dir='ltr'>faeie</span> <span class='ocrx_word' id='word_1_79' title='bbox 596 1392 703 1437; x_wconf 87' lang='lat' dir='ltr'>eornm</span> <span class='ocrx_word' id='word_1_80' title='bbox 718 1392 758 1437; x_wconf 91' lang='lat' dir='ltr'>ne</span> <span class='ocrx_word' id='word_1_81' title='bbox 774 1373 993 1457; x_wconf 65' lang='lat' dir='ltr'>trepidaveris,</span> <span class='ocrx_word' id='word_1_82' title='bbox 1015 1374 1168 1455; x_wconf 80' lang='lat' dir='ltr'>qnoniam</span> <span class='ocrx_word' id='word_1_83' title='bbox 1182 1374 1299 1437; x_wconf 78' lang='lat' dir='ltr'>domrm</span> <span class='ocrx_word' id='word_1_84' title='bbox 1316 1392 1411 1435; x_wconf 80' lang='lat' dir='ltr'>nnso-</span> 
     </span>
     <span class='ocr_line' id='line_1_11' title="bbox 272 1475 1440 1557; baseline 0 -17"><span class='ocrx_word' id='word_1_85' title='bbox 272 1478 380 1542; x_wconf 86' lang='lat' dir='ltr'>m&#39;eens</span> <span class='ocrx_word' id='word_1_86' title='bbox 400 1482 453 1542; x_wconf 87' lang='lat' dir='ltr'>est.</span> <span class='ocrx_word' id='word_1_87' title='bbox 477 1495 548 1553; x_wconf 82' lang='lat' dir='ltr'>non,</span> <span class='ocrx_word' id='word_1_88' title='bbox 570 1475 708 1557; x_wconf 87' lang='lat' dir='ltr'>inquam,</span> <span class='ocrx_word' id='word_1_89' title='bbox 730 1494 898 1557; x_wconf 89' lang='lat' dir='ltr'>possumus</span> <span class='ocrx_word' id='word_1_90' title='bbox 920 1476 1063 1541; x_wconf 89' lang='lat' dir='ltr'>metuere</span> <span class='ocrx_word' id='word_1_91' title='bbox 1085 1476 1187 1541; x_wconf 88' lang='lat' dir='ltr'>minas</span> <span class='ocrx_word' id='word_1_92' title='bbox 1202 1475 1334 1557; x_wconf 88' lang='lat' dir='ltr'>imperii</span> <span class='ocrx_word' id='word_1_93' title='bbox 1350 1475 1409 1551; x_wconf 89' lang='lat' dir='ltr'>tui,</span> <span class='ocrx_word' id='word_1_94' title='bbox 1422 1503 1440 1540; x_wconf 81' lang='lat' dir='ltr'>n</span> 
     </span>
     <span class='ocr_line' id='line_1_12' title="bbox 274 1578 1408 1663; baseline -0.003 -19"><span class='ocrx_word' id='word_1_95' title='bbox 274 1579 349 1663; x_wconf 87' lang='lat' dir='ltr'>quia</span> <span class='ocrx_word' id='word_1_96' title='bbox 377 1579 483 1643; x_wconf 90' lang='lat' dir='ltr'>nullae</span> <span class='ocrx_word' id='word_1_97' title='bbox 514 1579 587 1643; x_wconf 89' lang='lat' dir='ltr'>sunt</span> <span class='ocrx_word' id='word_1_98' title='bbox 615 1579 700 1642; x_wconf 87' lang='lat' dir='ltr'>uires</span> <span class='ocrx_word' id='word_1_99' title='bbox 721 1578 796 1643; x_wconf 85' lang='lat' dir='ltr'>tuae</span> <span class='ocrx_word' id='word_1_100' title='bbox 820 1578 998 1661; x_wconf 83' lang='lat' dir='ltr'>scorpiaces</span> <span class='ocrx_word' id='word_1_101' title='bbox 1022 1578 1191 1643; x_wconf 88' lang='lat' dir='ltr'>aduersum</span> <span class='ocrx_word' id='word_1_102' title='bbox 1214 1598 1292 1655; x_wconf 86' lang='lat' dir='ltr'>nos,</span> <span class='ocrx_word' id='word_1_103' title='bbox 1329 1596 1408 1660; x_wconf 84' lang='lat' dir='ltr'>quos</span> 
     </span>
     <span class='ocr_line' id='line_1_13' title="bbox 274 1676 1408 1765; baseline -0.002 -18"><span class='ocrx_word' id='word_1_104' title='bbox 274 1682 325 1747; x_wconf 90' lang='lat' dir='ltr'>dei</span> <span class='ocrx_word' id='word_1_105' title='bbox 347 1683 466 1747; x_wconf 86' lang='lat' dir='ltr'>uirtute</span> <span class='ocrx_word' id='word_1_106' title='bbox 487 1682 554 1765; x_wconf 82' lang='lat' dir='ltr'>tegi</span> <span class='ocrx_word' id='word_1_107' title='bbox 576 1700 704 1758; x_wconf 81' lang='lat' dir='ltr'>sernas,</span> <span class='ocrx_word' id='word_1_108' title='bbox 739 1700 871 1765; x_wconf 87' lang='lat' dir='ltr'>quorum</span> <span class='ocrx_word' id='word_1_109' title='bbox 901 1700 970 1747; x_wconf 89' lang='lat' dir='ltr'>esse</span> <span class='ocrx_word' id='word_1_110' title='bbox 995 1676 1192 1747; x_wconf 83' lang='lat' dir='ltr'>defensorem</span> <span class='ocrx_word' id='word_1_111' title='bbox 1216 1700 1254 1745; x_wconf 84' lang='lat' dir='ltr'>ao</span> <span class='ocrx_word' id='word_1_112' title='bbox 1276 1683 1408 1763; x_wconf 85' lang='lat' dir='ltr'>protec-</span> 
     </span>
     <span class='ocr_line' id='line_1_14' title="bbox 272 1785 1407 1869; baseline -0.001 -20"><span class='ocrx_word' id='word_1_113' title='bbox 272 1787 375 1852; x_wconf 87' lang='lat' dir='ltr'>torem</span> <span class='ocrx_word' id='word_1_114' title='bbox 398 1785 492 1851; x_wconf 90' lang='lat' dir='ltr'>deum</span> <span class='ocrx_word' id='word_1_115' title='bbox 515 1785 673 1851; x_wconf 80' lang='lat' dir='ltr'>adportas.</span> <span class='ocrx_word' id='word_1_116' title='bbox 698 1805 758 1850; x_wconf 96' lang='lat' dir='ltr'>non</span> <span class='ocrx_word' id='word_1_117' title='bbox 780 1786 888 1869; x_wconf 87' lang='lat' dir='ltr'>itaque</span> <span class='ocrx_word' id='word_1_118' title='bbox 911 1786 1107 1851; x_wconf 79' lang='lat' dir='ltr'>cessabimus</span> <span class='ocrx_word' id='word_1_119' title='bbox 1127 1786 1187 1850; x_wconf 92' lang='lat' dir='ltr'>tibi</span> <span class='ocrx_word' id='word_1_120' title='bbox 1211 1785 1336 1851; x_wconf 90' lang='lat' dir='ltr'>domini</span> <span class='ocrx_word' id='word_1_121' title='bbox 1358 1786 1407 1848; x_wconf 93' lang='lat' dir='ltr'>in-</span> 
     </span>
     <span class='ocr_line' id='line_1_15' title="bbox 272 1874 1407 1972; baseline -0.003 -18"><span class='ocrx_word' id='word_1_122' title='bbox 272 1874 410 1972; x_wconf 79' lang='lat' dir='ltr'>gerendo</span> <span class='ocrx_word' id='word_1_123' title='bbox 432 1889 610 1971; x_wconf 82' lang='lat' dir='ltr'>praesepta,</span> <span class='ocrx_word' id='word_1_124' title='bbox 632 1889 681 1953; x_wconf 90' lang='lat' dir='ltr'>illi</span> <span class='ocrx_word' id='word_1_125' title='bbox 696 1888 822 1953; x_wconf 84' lang='lat' dir='ltr'>solimet</span> <span class='ocrx_word' id='word_1_126' title='bbox 837 1888 891 1953; x_wconf 90' lang='lat' dir='ltr'>uni</span> <span class='ocrx_word' id='word_1_127' title='bbox 907 1889 1071 1955; x_wconf 87' lang='lat' dir='ltr'>seruantes</span> <span class='ocrx_word' id='word_1_128' title='bbox 1088 1888 1219 1953; x_wconf 88' lang='lat' dir='ltr'>timores</span> <span class='ocrx_word' id='word_1_129' title='bbox 1236 1890 1292 1970; x_wconf 89' lang='lat' dir='ltr'>qni</span> <span class='ocrx_word' id='word_1_130' title='bbox 1312 1888 1407 1953; x_wconf 81' lang='lat' dir='ltr'>dieii:</span> 
     </span>
     <span class='ocr_line' id='line_1_16' title="bbox 272 1992 1439 2077; baseline -0.005 -18"><span class='ocrx_word' id='word_1_131' title='bbox 272 1994 323 2075; x_wconf 79' lang='lat' dir='ltr'>(tii</span> <span class='ocrx_word' id='word_1_132' title='bbox 344 1993 497 2069; x_wconf 79' lang='lat' dir='ltr'>bominis,</span> <span class='ocrx_word' id='word_1_133' title='bbox 526 1993 691 2077; x_wconf 68' lang='lat' dir='ltr'>inpetere</span> <span class='ocrx_word' id='word_1_134' title='bbox 712 1995 756 2059; x_wconf 79' lang='lat' dir='ltr'>nd</span> <span class='ocrx_word' id='word_1_135' title='bbox 777 1993 904 2058; x_wconf 80' lang='lat' dir='ltr'>domem</span> <span class='ocrx_word' id='word_1_136' title='bbox 926 1993 1031 2059; x_wconf 82' lang='lat' dir='ltr'>Israel</span> <span class='ocrx_word' id='word_1_137' title='bbox 1054 1996 1083 2057; x_wconf 85' lang='lat' dir='ltr'>et</span> <span class='ocrx_word' id='word_1_138' title='bbox 1105 1992 1228 2073; x_wconf 74' lang='lat' dir='ltr'>toquere</span> <span class='ocrx_word' id='word_1_139' title='bbox 1250 2011 1439 2057; x_wconf 80' lang='lat' dir='ltr'>sermonesn</span> 
     </span>
     <span class='ocr_line' id='line_1_17' title="bbox 273 2080 1408 2177; baseline -0.004 -16"><span class='ocrx_word' id='word_1_140' title='bbox 273 2080 356 2161; x_wconf 80' lang='lat' dir='ltr'>nenos</span> <span class='ocrx_word' id='word_1_141' title='bbox 377 2096 420 2159; x_wconf 83' lang='lat' dir='ltr'>od</span> <span class='ocrx_word' id='word_1_142' title='bbox 442 2115 502 2174; x_wconf 84' lang='lat' dir='ltr'>eos,</span> <span class='ocrx_word' id='word_1_143' title='bbox 526 2097 678 2177; x_wconf 78' lang='lat' dir='ltr'>qnoniam</span> <span class='ocrx_word' id='word_1_144' title='bbox 698 2115 763 2161; x_wconf 89' lang='lat' dir='ltr'>non</span> <span class='ocrx_word' id='word_1_145' title='bbox 786 2096 829 2159; x_wconf 81' lang='lat' dir='ltr'>ad</span> <span class='ocrx_word' id='word_1_146' title='bbox 845 2095 1003 2177; x_wconf 80' lang='lat' dir='ltr'>poputum</span> <span class='ocrx_word' id='word_1_147' title='bbox 1025 2096 1086 2159; x_wconf 83' lang='lat' dir='ltr'>otti</span> <span class='ocrx_word' id='word_1_148' title='bbox 1106 2095 1266 2162; x_wconf 84' lang='lat' dir='ltr'>sermonis</span> <span class='ocrx_word' id='word_1_149' title='bbox 1279 2100 1319 2159; x_wconf 90' lang='lat' dir='ltr'>tn</span> <span class='ocrx_word' id='word_1_150' title='bbox 1335 2094 1408 2159; x_wconf 85' lang='lat' dir='ltr'>mit-</span> 
     </span>
     <span class='ocr_line' id='line_1_18' title="bbox 272 2197 1408 2281; baseline -0.001 -19"><span class='ocrx_word' id='word_1_151' title='bbox 272 2200 348 2265; x_wconf 83' lang='lat' dir='ltr'>teris</span> <span class='ocrx_word' id='word_1_152' title='bbox 369 2200 413 2264; x_wconf 79' lang='lat' dir='ltr'>nd</span> <span class='ocrx_word' id='word_1_153' title='bbox 433 2199 540 2265; x_wconf 81' lang='lat' dir='ltr'>Israel</span> <span class='ocrx_word' id='word_1_154' title='bbox 561 2220 660 2281; x_wconf 76' lang='lat' dir='ltr'>neone</span> <span class='ocrx_word' id='word_1_155' title='bbox 681 2200 725 2263; x_wconf 80' lang='lat' dir='ltr'>mi</span> <span class='ocrx_word' id='word_1_156' title='bbox 740 2197 879 2281; x_wconf 78' lang='lat' dir='ltr'>populos</span> <span class='ocrx_word' id='word_1_157' title='bbox 901 2199 1014 2263; x_wconf 77' lang='lat' dir='ltr'>mattos</span> <span class='ocrx_word' id='word_1_158' title='bbox 1036 2200 1124 2265; x_wconf 84' lang='lat' dir='ltr'>etiae</span> <span class='ocrx_word' id='word_1_159' title='bbox 1140 2200 1228 2263; x_wconf 85' lang='lat' dir='ltr'>noeis</span> <span class='ocrx_word' id='word_1_160' title='bbox 1243 2203 1305 2265; x_wconf 85' lang='lat' dir='ltr'>ont</span> <span class='ocrx_word' id='word_1_161' title='bbox 1320 2198 1408 2261; x_wconf 84' lang='lat' dir='ltr'>otim</span> 
     </span>
     <span class='ocr_line' id='line_1_19' title="bbox 272 2300 1408 2385; baseline -0.001 -20"><span class='ocrx_word' id='word_1_162' title='bbox 272 2302 401 2385; x_wconf 72' lang='lat' dir='ltr'>linones</span> <span class='ocrx_word' id='word_1_163' title='bbox 422 2321 520 2383; x_wconf 72' lang='lat' dir='ltr'>nenne</span> <span class='ocrx_word' id='word_1_164' title='bbox 540 2321 657 2385; x_wconf 77' lang='lat' dir='ltr'>promes</span> <span class='ocrx_word' id='word_1_165' title='bbox 678 2302 735 2384; x_wconf 77' lang='lat' dir='ltr'>qni</span> <span class='ocrx_word' id='word_1_166' title='bbox 756 2304 823 2365; x_wconf 89' lang='lat' dir='ltr'>sint</span> <span class='ocrx_word' id='word_1_167' title='bbox 844 2304 882 2365; x_wconf 85' lang='lat' dir='ltr'>in</span> <span class='ocrx_word' id='word_1_168' title='bbox 904 2300 1027 2384; x_wconf 71' lang='lat' dir='ltr'>linquo,</span> <span class='ocrx_word' id='word_1_169' title='bbox 1051 2321 1187 2383; x_wconf 80' lang='lat' dir='ltr'>qnorum</span> <span class='ocrx_word' id='word_1_170' title='bbox 1209 2321 1277 2366; x_wconf 91' lang='lat' dir='ltr'>non</span> <span class='ocrx_word' id='word_1_171' title='bbox 1293 2301 1408 2365; x_wconf 77' lang='lat' dir='ltr'>audies</span> 
     </span>
     <span class='ocr_line' id='line_1_20' title="bbox 273 2405 1409 2487; baseline 0 -18"><span class='ocrx_word' id='word_1_172' title='bbox 273 2424 456 2470; x_wconf 85' lang='lat' dir='ltr'>sermonem.</span> <span class='ocrx_word' id='word_1_173' title='bbox 486 2409 516 2469; x_wconf 86' lang='lat' dir='ltr'>et</span> <span class='ocrx_word' id='word_1_174' title='bbox 536 2406 567 2469; x_wconf 85' lang='lat' dir='ltr'>si</span> <span class='ocrx_word' id='word_1_175' title='bbox 588 2406 632 2469; x_wconf 76' lang='lat' dir='ltr'>od</span> <span class='ocrx_word' id='word_1_176' title='bbox 655 2406 734 2472; x_wconf 86' lang='lat' dir='ltr'>tutes</span> <span class='ocrx_word' id='word_1_177' title='bbox 755 2406 911 2471; x_wconf 87' lang='lat' dir='ltr'>misissem</span> <span class='ocrx_word' id='word_1_178' title='bbox 933 2409 977 2485; x_wconf 90' lang='lat' dir='ltr'>te,</span> <span class='ocrx_word' id='word_1_179' title='bbox 1001 2405 1054 2469; x_wconf 85' lang='lat' dir='ltr'>iiii</span> <span class='ocrx_word' id='word_1_180' title='bbox 1075 2405 1215 2487; x_wconf 78' lang='lat' dir='ltr'>forsitan</span> <span class='ocrx_word' id='word_1_181' title='bbox 1238 2405 1409 2469; x_wconf 71' lang='lat' dir='ltr'>usedissent</span> 
     </span>
     <span class='ocr_line' id='line_1_21' title="bbox 272 2509 1441 2596; baseline -0.004 -22"><span class='ocrx_word' id='word_1_182' title='bbox 272 2529 430 2576; x_wconf 81' lang='lat' dir='ltr'>sermmms</span> <span class='ocrx_word' id='word_1_183' title='bbox 451 2513 538 2590; x_wconf 83' lang='lat' dir='ltr'>tnos;</span> <span class='ocrx_word' id='word_1_184' title='bbox 559 2510 669 2574; x_wconf 79' lang='lat' dir='ltr'>domna</span> <span class='ocrx_word' id='word_1_185' title='bbox 691 2514 797 2574; x_wconf 83' lang='lat' dir='ltr'>antem</span> <span class='ocrx_word' id='word_1_186' title='bbox 812 2510 917 2576; x_wconf 84' lang='lat' dir='ltr'>Israel</span> <span class='ocrx_word' id='word_1_187' title='bbox 933 2510 1038 2575; x_wconf 85' lang='lat' dir='ltr'>notent</span> <span class='ocrx_word' id='word_1_188' title='bbox 1055 2511 1170 2575; x_wconf 81' lang='lat' dir='ltr'>andire</span> <span class='ocrx_word' id='word_1_189' title='bbox 1188 2513 1226 2596; x_wconf 86' lang='lat' dir='ltr'>te,</span> <span class='ocrx_word' id='word_1_190' title='bbox 1251 2509 1441 2592; x_wconf 77' lang='lat' dir='ltr'>qnoniomn</span> 
     </span>
     <span class='ocr_line' id='line_1_22' title="bbox 273 2611 1410 2695; baseline -0.002 -18"><span class='ocrx_word' id='word_1_191' title='bbox 273 2612 388 2677; x_wconf 86' lang='lat' dir='ltr'>noinnt</span> <span class='ocrx_word' id='word_1_192' title='bbox 408 2613 522 2678; x_wconf 78' lang='lat' dir='ltr'>andire</span> <span class='ocrx_word' id='word_1_193' title='bbox 541 2633 602 2691; x_wconf 85' lang='lat' dir='ltr'>me,</span> <span class='ocrx_word' id='word_1_194' title='bbox 624 2613 778 2695; x_wconf 75' lang='lat' dir='ltr'>qnoniam</span> <span class='ocrx_word' id='word_1_195' title='bbox 792 2616 857 2677; x_wconf 84' lang='lat' dir='ltr'>toto</span> <span class='ocrx_word' id='word_1_196' title='bbox 873 2613 985 2679; x_wconf 82' lang='lat' dir='ltr'>domos</span> <span class='ocrx_word' id='word_1_197' title='bbox 1001 2611 1105 2678; x_wconf 83' lang='lat' dir='ltr'>Israel</span> <span class='ocrx_word' id='word_1_198' title='bbox 1121 2613 1311 2678; x_wconf 73' lang='lat' dir='ltr'>contentiosi</span> <span class='ocrx_word' id='word_1_199' title='bbox 1334 2618 1410 2678; x_wconf 83' lang='lat' dir='ltr'>sunt</span> 
     </span>
     <span class='ocr_line' id='line_1_23' title="bbox 274 2717 1411 2800; baseline 0.001 -19"><span class='ocrx_word' id='word_1_200' title='bbox 274 2721 305 2781; x_wconf 91' lang='lat' dir='ltr'>et</span> <span class='ocrx_word' id='word_1_201' title='bbox 325 2717 401 2782; x_wconf 82' lang='lat' dir='ltr'>dnri</span> <span class='ocrx_word' id='word_1_202' title='bbox 422 2717 521 2782; x_wconf 83' lang='lat' dir='ltr'>eorde.</span> <span class='ocrx_word' id='word_1_203' title='bbox 554 2720 583 2780; x_wconf 88' lang='lat' dir='ltr'>et</span> <span class='ocrx_word' id='word_1_204' title='bbox 609 2735 676 2782; x_wconf 86' lang='lat' dir='ltr'>eme</span> <span class='ocrx_word' id='word_1_205' title='bbox 704 2717 779 2783; x_wconf 78' lang='lat' dir='ltr'>dedi</span> <span class='ocrx_word' id='word_1_206' title='bbox 806 2717 921 2798; x_wconf 79' lang='lat' dir='ltr'>faeiem</span> <span class='ocrx_word' id='word_1_207' title='bbox 950 2722 1040 2781; x_wconf 84' lang='lat' dir='ltr'>tuom</span> <span class='ocrx_word' id='word_1_208' title='bbox 1062 2720 1222 2800; x_wconf 78' lang='lat' dir='ltr'>potentem</span> <span class='ocrx_word' id='word_1_209' title='bbox 1249 2718 1411 2782; x_wconf 74' lang='lat' dir='ltr'>aduersas</span> 
     </span>
     <span class='ocr_line' id='line_1_24' title="bbox 275 2819 1410 2903; baseline 0 -19"><span class='ocrx_word' id='word_1_210' title='bbox 275 2820 372 2902; x_wconf 79' lang='lat' dir='ltr'>foetes</span> <span class='ocrx_word' id='word_1_211' title='bbox 401 2838 507 2882; x_wconf 82' lang='lat' dir='ltr'>eornm</span> <span class='ocrx_word' id='word_1_212' title='bbox 534 2823 564 2884; x_wconf 88' lang='lat' dir='ltr'>et</span> <span class='ocrx_word' id='word_1_213' title='bbox 590 2821 806 2884; x_wconf 81' lang='lat' dir='ltr'>constentiam</span> <span class='ocrx_word' id='word_1_214' title='bbox 832 2825 921 2886; x_wconf 81' lang='lat' dir='ltr'>taam</span> <span class='ocrx_word' id='word_1_215' title='bbox 944 2820 1127 2903; x_wconf 72' lang='lat' dir='ltr'>confortabo</span> <span class='ocrx_word' id='word_1_216' title='bbox 1148 2819 1312 2884; x_wconf 75' lang='lat' dir='ltr'>aduersus</span> <span class='ocrx_word' id='word_1_217' title='bbox 1335 2840 1410 2885; x_wconf 89' lang='lat' dir='ltr'>eon-</span> 
     </span>
    </p>
   </div>
   <div class='ocr_carea' id='block_1_3' title="bbox 184 2923 1410 3007">
    <p class='ocr_par' dir='ltr' id='par_1_3' title="bbox 184 2923 1410 3007">
     <span class='ocr_line' id='line_1_25' title="bbox 184 2923 1410 3007; baseline -0.001 -20"><span class='ocrx_word' id='word_1_218' title='bbox 184 3005 186 3007; x_wconf 12' lang='lat'><em>*</em></span> <span class='ocrx_word' id='word_1_219' title='bbox 275 2923 442 2988; x_wconf 85' lang='lat' dir='ltr'>tentionem</span> <span class='ocrx_word' id='word_1_220' title='bbox 463 2941 579 3000; x_wconf 79' lang='lat' dir='ltr'>eonem,</span> <span class='ocrx_word' id='word_1_221' title='bbox 602 2927 631 2987; x_wconf 89' lang='lat' dir='ltr'>et</span> <span class='ocrx_word' id='word_1_222' title='bbox 652 2924 716 2988; x_wconf 85' lang='lat' dir='ltr'>eris</span> <span class='ocrx_word' id='word_1_223' title='bbox 735 2942 858 3006; x_wconf 82' lang='lat' dir='ltr'>semper</span> <span class='ocrx_word' id='word_1_224' title='bbox 875 2924 1000 3007; x_wconf 75' lang='lat' dir='ltr'>firmior</span> <span class='ocrx_word' id='word_1_225' title='bbox 1017 2928 1124 3006; x_wconf 83' lang='lat' dir='ltr'>petru.</span> <span class='ocrx_word' id='word_1_226' title='bbox 1147 2943 1188 2990; x_wconf 82' lang='lat' dir='ltr'>no</span> <span class='ocrx_word' id='word_1_227' title='bbox 1203 2924 1357 2989; x_wconf 80' lang='lat' dir='ltr'>timueris</span> <span class='ocrx_word' id='word_1_228' title='bbox 1371 2923 1410 2986; x_wconf 80' lang='lat' dir='ltr'>ot</span> 
     </span>
    </p>
   </div>
   <div class='ocr_carea' id='block_1_4' title="bbox 262 3026 1440 3730">
    <p class='ocr_par' dir='ltr' id='par_1_4' title="bbox 262 3026 1440 3730">
     <span class='ocr_line' id='line_1_26' title="bbox 275 3026 1440 3108; baseline -0.005 -17"><span class='ocrx_word' id='word_1_229' title='bbox 275 3027 320 3091; x_wconf 87' lang='lat' dir='ltr'>eis</span> <span class='ocrx_word' id='word_1_230' title='bbox 341 3046 439 3108; x_wconf 76' lang='lat' dir='ltr'>neone</span> <span class='ocrx_word' id='word_1_231' title='bbox 460 3026 630 3108; x_wconf 67' lang='lat' dir='ltr'>exponens</span> <span class='ocrx_word' id='word_1_232' title='bbox 652 3026 925 3108; x_wconf 63' lang='lat' dir='ltr'>assisinorum,</span> <span class='ocrx_word' id='word_1_233' title='bbox 960 3027 1113 3108; x_wconf 79' lang='lat' dir='ltr'>qnoniam</span> <span class='ocrx_word' id='word_1_234' title='bbox 1141 3026 1254 3091; x_wconf 78' lang='lat' dir='ltr'>domos</span> <span class='ocrx_word' id='word_1_235' title='bbox 1282 3027 1440 3091; x_wconf 82' lang='lat' dir='ltr'>amori-s</span> 
     </span>
     <span class='ocr_line' id='line_1_27' title="bbox 275 3129 1409 3214; baseline -0.001 -20"><span class='ocrx_word' id='word_1_236' title='bbox 275 3150 353 3195; x_wconf 80' lang='lat' dir='ltr'>nans</span> <span class='ocrx_word' id='word_1_237' title='bbox 374 3134 426 3195; x_wconf 86' lang='lat' dir='ltr'>est.</span> <span class='ocrx_word' id='word_1_238' title='bbox 459 3129 601 3194; x_wconf 88' lang='lat' dir='ltr'>metuere</span> <span class='ocrx_word' id='word_1_239' title='bbox 622 3129 655 3192; x_wconf 91' lang='lat' dir='ltr'>ts</span> <span class='ocrx_word' id='word_1_240' title='bbox 679 3129 750 3212; x_wconf 85' lang='lat' dir='ltr'>quis</span> <span class='ocrx_word' id='word_1_241' title='bbox 779 3129 895 3212; x_wconf 89' lang='lat' dir='ltr'>poterit</span> <span class='ocrx_word' id='word_1_242' title='bbox 922 3131 1082 3210; x_wconf 85' lang='lat' dir='ltr'>nostrum,</span> <span class='ocrx_word' id='word_1_243' title='bbox 1117 3149 1196 3214; x_wconf 84' lang='lat' dir='ltr'>quos</span> <span class='ocrx_word' id='word_1_244' title='bbox 1218 3130 1336 3196; x_wconf 85' lang='lat' dir='ltr'>uideas</span> <span class='ocrx_word' id='word_1_245' title='bbox 1361 3130 1409 3194; x_wconf 91' lang='lat' dir='ltr'>dei</span> 
     </span>
     <span class='ocr_line' id='line_1_28' title="bbox 274 3231 1407 3316; baseline 0 -18"><span class='ocrx_word' id='word_1_246' title='bbox 274 3233 415 3316; x_wconf 85' lang='lat' dir='ltr'>potentia</span> <span class='ocrx_word' id='word_1_247' title='bbox 443 3231 595 3297; x_wconf 88' lang='lat' dir='ltr'>solidatos</span> <span class='ocrx_word' id='word_1_248' title='bbox 623 3232 718 3315; x_wconf 82' lang='lat' dir='ltr'>atque</span> <span class='ocrx_word' id='word_1_249' title='bbox 745 3232 887 3298; x_wconf 85' lang='lat' dir='ltr'>firmatos</span> <span class='ocrx_word' id='word_1_250' title='bbox 915 3232 956 3297; x_wconf 88' lang='lat' dir='ltr'>ad</span> <span class='ocrx_word' id='word_1_251' title='bbox 980 3233 1069 3298; x_wconf 86' lang='lat' dir='ltr'>tuam</span> <span class='ocrx_word' id='word_1_252' title='bbox 1092 3233 1333 3298; x_wconf 83' lang='lat' dir='ltr'>ooutumaoiam</span> <span class='ocrx_word' id='word_1_253' title='bbox 1356 3251 1407 3298; x_wconf 88' lang='lat' dir='ltr'>re-</span> 
     </span>
     <span class='ocr_line' id='line_1_29' title="bbox 274 3335 1407 3418; baseline 0 -18"><span class='ocrx_word' id='word_1_254' title='bbox 274 3335 479 3411; x_wconf 86' lang='lat' dir='ltr'>tundendam,</span> <span class='ocrx_word' id='word_1_255' title='bbox 501 3335 562 3399; x_wconf 83' lang='lat' dir='ltr'>fixo</span> <span class='ocrx_word' id='word_1_256' title='bbox 586 3335 689 3418; x_wconf 83' lang='lat' dir='ltr'>gradu</span> <span class='ocrx_word' id='word_1_257' title='bbox 712 3336 797 3400; x_wconf 84' lang='lat' dir='ltr'>stare</span> <span class='ocrx_word' id='word_1_258' title='bbox 821 3337 932 3400; x_wconf 81' lang='lat' dir='ltr'>nontm</span> <span class='ocrx_word' id='word_1_259' title='bbox 957 3337 1046 3401; x_wconf 87' lang='lat' dir='ltr'>tuam</span> <span class='ocrx_word' id='word_1_260' title='bbox 1073 3337 1194 3402; x_wconf 84' lang='lat' dir='ltr'>rabiem</span> <span class='ocrx_word' id='word_1_261' title='bbox 1228 3336 1407 3412; x_wconf 79' lang='lat' dir='ltr'>inmobiles,</span> 
     </span>
     <span class='ocr_line' id='line_1_30' title="bbox 276 3439 1407 3522; baseline -0.001 -19"><span class='ocrx_word' id='word_1_262' title='bbox 276 3439 312 3503; x_wconf 86' lang='lat' dir='ltr'>ut</span> <span class='ocrx_word' id='word_1_263' title='bbox 334 3457 410 3502; x_wconf 83' lang='lat' dir='ltr'>saxa</span> <span class='ocrx_word' id='word_1_264' title='bbox 431 3439 514 3502; x_wconf 91' lang='lat' dir='ltr'>mole</span> <span class='ocrx_word' id='word_1_265' title='bbox 541 3439 644 3518; x_wconf 78' lang='lat' dir='ltr'>solent</span> <span class='ocrx_word' id='word_1_266' title='bbox 672 3439 802 3504; x_wconf 88' lang='lat' dir='ltr'>robusta</span> <span class='ocrx_word' id='word_1_267' title='bbox 834 3457 950 3522; x_wconf 86' lang='lat' dir='ltr'>aequor</span> <span class='ocrx_word' id='word_1_268' title='bbox 979 3439 1089 3504; x_wconf 85' lang='lat' dir='ltr'>eontra</span> <span class='ocrx_word' id='word_1_269' title='bbox 1117 3439 1301 3505; x_wconf 81' lang='lat' dir='ltr'>tumidum?</span> <span class='ocrx_word' id='word_1_270' title='bbox 1337 3439 1407 3503; x_wconf 89' lang='lat' dir='ltr'>hine</span> 
     </span>
     <span class='ocr_line' id='line_1_31' title="bbox 262 3540 1438 3637; baseline 0.001 -32"><span class='ocrx_word' id='word_1_271' title='bbox 262 3559 332 3637; x_wconf 26' lang='lat' dir='ltr'>&#39;nos</span> <span class='ocrx_word' id='word_1_272' title='bbox 359 3540 483 3605; x_wconf 88' lang='lat' dir='ltr'>iudioas</span> <span class='ocrx_word' id='word_1_273' title='bbox 510 3543 619 3606; x_wconf 89' lang='lat' dir='ltr'>hostes</span> <span class='ocrx_word' id='word_1_274' title='bbox 646 3542 738 3620; x_wconf 86' lang='lat' dir='ltr'>tuos,</span> <span class='ocrx_word' id='word_1_275' title='bbox 769 3542 843 3625; x_wconf 87' lang='lat' dir='ltr'>quia</span> <span class='ocrx_word' id='word_1_276' title='bbox 864 3543 897 3607; x_wconf 88' lang='lat' dir='ltr'>to</span> <span class='ocrx_word' id='word_1_277' title='bbox 919 3561 1089 3625; x_wconf 86' lang='lat' dir='ltr'>urgeamus</span> <span class='ocrx_word' id='word_1_278' title='bbox 1112 3542 1165 3607; x_wconf 87' lang='lat' dir='ltr'>dei</span> <span class='ocrx_word' id='word_1_279' title='bbox 1187 3541 1257 3606; x_wconf 88' lang='lat' dir='ltr'>fieri</span> <span class='ocrx_word' id='word_1_280' title='bbox 1282 3558 1438 3608; x_wconf 76' lang='lat' dir='ltr'>sornnmn</span> 
     </span>
     <span class='ocr_line' id='line_1_32' title="bbox 276 3645 1405 3730; baseline 0.001 -21"><span class='ocrx_word' id='word_1_281' title='bbox 276 3665 314 3709; x_wconf 84' lang='lat' dir='ltr'>ex</span> <span class='ocrx_word' id='word_1_282' title='bbox 338 3645 508 3728; x_wconf 79' lang='lat' dir='ltr'>scorpione.</span> <span class='ocrx_word' id='word_1_283' title='bbox 531 3664 612 3710; x_wconf 86' lang='lat' dir='ltr'>nune</span> <span class='ocrx_word' id='word_1_284' title='bbox 637 3645 754 3710; x_wconf 84' lang='lat' dir='ltr'>etenim</span> <span class='ocrx_word' id='word_1_285' title='bbox 776 3665 874 3712; x_wconf 91' lang='lat' dir='ltr'>unum</span> <span class='ocrx_word' id='word_1_286' title='bbox 895 3647 928 3710; x_wconf 90' lang='lat' dir='ltr'>te</span> <span class='ocrx_word' id='word_1_287' title='bbox 952 3665 1022 3712; x_wconf 86' lang='lat' dir='ltr'>esse</span> <span class='ocrx_word' id='word_1_288' title='bbox 1046 3664 1082 3710; x_wconf 84' lang='lat' dir='ltr'>ex</span> <span class='ocrx_word' id='word_1_289' title='bbox 1106 3647 1325 3730; x_wconf 80' lang='lat' dir='ltr'>scorpionibus</span> <span class='ocrx_word' id='word_1_290' title='bbox 1348 3666 1405 3712; x_wconf 93' lang='lat' dir='ltr'>non</span> 
     </span>
    </p>
   </div>
   <div class='ocr_carea' id='block_1_5' title="bbox 379 3888 845 3966">
    <p class='ocr_par' dir='ltr' id='par_1_5' title="bbox 379 3888 845 3966">
     <span class='ocr_line' id='line_1_33' title="bbox 379 3888 845 3966; baseline 0.004 -26"><span class='ocrx_word' id='word_1_291' title='bbox 379 3888 457 3943; x_wconf 76' lang='lat' dir='ltr'>sm.</span> <span class='ocrx_word' id='word_1_292' title='bbox 476 3888 535 3952; x_wconf 76' lang='lat' dir='ltr'>no</span> <span class='ocrx_word' id='word_1_293' title='bbox 606 3888 845 3966; x_wconf 37' lang='grc'>15111319,</span> 
     </span>
    </p>
   </div>
   <div class='ocr_carea' id='block_1_6' title="bbox 277 4079 1402 4356">
    <p class='ocr_par' dir='ltr' id='par_1_6' title="bbox 277 4079 1402 4356">
     <span class='ocr_line' id='line_1_34' title="bbox 327 4079 1402 4180; baseline -0.004 -14"><span class='ocrx_word' id='word_1_294' title='bbox 327 4114 344 4166; x_wconf 80' lang='lat'><strong>2</strong></span> <span class='ocrx_word' id='word_1_295' title='bbox 362 4113 502 4167; x_wconf 78' lang='lat' dir='ltr'>antestites</span> <span class='ocrx_word' id='word_1_296' title='bbox 588 4128 636 4166; x_wconf 88' lang='lat' dir='ltr'>uos</span> <span class='ocrx_word' id='word_1_297' title='bbox 654 4130 679 4177; x_wconf 88' lang='lat' dir='ltr'>o,</span> <span class='ocrx_word' id='word_1_298' title='bbox 697 4129 751 4167; x_wconf 90' lang='lat' dir='ltr'>non</span> <span class='ocrx_word' id='word_1_299' title='bbox 773 4115 799 4168; x_wconf 92' lang='lat' dir='ltr'><em>V</em></span> <span class='ocrx_word' id='word_1_300' title='bbox 875 4079 1040 4166; x_wconf 47' lang='lat' dir='ltr'>⁴&amp;uolueritis</span> <span class='ocrx_word' id='word_1_301' title='bbox 1058 4110 1087 4180; x_wconf 87' lang='lat' dir='ltr'>(d</span> <span class='ocrx_word' id='word_1_302' title='bbox 1105 4112 1137 4164; x_wconf 88' lang='lat' dir='ltr'>in</span> <span class='ocrx_word' id='word_1_303' title='bbox 1154 4113 1228 4178; x_wconf 84' lang='lat' dir='ltr'>ros.)</span> <span class='ocrx_word' id='word_1_304' title='bbox 1318 4112 1333 4164; x_wconf 81' lang='lat'><strong>7</strong></span> <span class='ocrx_word' id='word_1_305' title='bbox 1351 4123 1402 4163; x_wconf 87' lang='lat' dir='ltr'>oon-</span> 
     </span>
     <span class='ocr_line' id='line_1_35' title="bbox 277 4196 1401 4270; baseline -0.004 -17"><span class='ocrx_word' id='word_1_306' title='bbox 277 4216 368 4254; x_wconf 88' lang='lat' dir='ltr'>eurren</span> <span class='ocrx_word' id='word_1_307' title='bbox 384 4218 419 4254; x_wconf 89' lang='lat' dir='ltr'>m.</span> <span class='ocrx_word' id='word_1_308' title='bbox 437 4206 452 4255; x_wconf 93' lang='lat'><strong><em>1</em></strong></span> <span class='ocrx_word' id='word_1_309' title='bbox 542 4201 571 4254; x_wconf 93' lang='lat' dir='ltr'>in</span> <span class='ocrx_word' id='word_1_310' title='bbox 588 4201 698 4256; x_wconf 88' lang='lat' dir='ltr'>oirouitu</span> <span class='ocrx_word' id='word_1_311' title='bbox 716 4217 767 4256; x_wconf 80' lang='lat' dir='ltr'>om</span> <span class='ocrx_word' id='word_1_312' title='bbox 785 4219 801 4256; x_wconf 87' lang='lat' dir='ltr'>o</span> <span class='ocrx_word' id='word_1_313' title='bbox 888 4200 919 4254; x_wconf 93' lang='lat'>11</span> <span class='ocrx_word' id='word_1_314' title='bbox 940 4199 1096 4270; x_wconf 80' lang='lat' dir='ltr'>scorpiaces]</span> <span class='ocrx_word' id='word_1_315' title='bbox 1120 4198 1226 4268; x_wconf 84' lang='lat' dir='ltr'>soorpio</span> <span class='ocrx_word' id='word_1_316' title='bbox 1245 4201 1277 4251; x_wconf 88' lang='lat' dir='ltr'>tu</span> <span class='ocrx_word' id='word_1_317' title='bbox 1295 4213 1322 4251; x_wconf 86' lang='lat' dir='ltr'>ea</span> <span class='ocrx_word' id='word_1_318' title='bbox 1334 4196 1401 4266; x_wconf 56' lang='lat' dir='ltr'>‚coni</span> 
     </span>
     <span class='ocr_line' id='line_1_36' title="bbox 280 4285 1098 4356; baseline 0 -18"><span class='ocrx_word' id='word_1_319' title='bbox 280 4285 452 4340; x_wconf 81' lang='lat' dir='ltr'>Gntiondins</span> <span class='ocrx_word' id='word_1_320' title='bbox 521 4286 555 4340; x_wconf 79' lang='lat'>26</span> <span class='ocrx_word' id='word_1_321' title='bbox 572 4287 693 4356; x_wconf 86' lang='lat' dir='ltr'>potentia</span> <span class='ocrx_word' id='word_1_322' title='bbox 711 4286 754 4341; x_wconf 91' lang='lat' dir='ltr'>dei</span> <span class='ocrx_word' id='word_1_323' title='bbox 772 4304 789 4341; x_wconf 88' lang='lat' dir='ltr'>o</span> <span class='ocrx_word' id='word_1_324' title='bbox 856 4287 890 4340; x_wconf 79' lang='lat'>27</span> <span class='ocrx_word' id='word_1_325' title='bbox 908 4285 1098 4340; x_wconf 83' lang='lat' dir='ltr'>oontumstiam</span> 
     </span>
    </p>
   </div>
   <div class='ocr_carea' id='block_1_7' title="bbox 0 0 1531 4996">
    <p class='ocr_par' dir='ltr' id='par_1_7' title="bbox 0 0 1531 4996">
     <span class='ocr_line' id='line_1_37' title="bbox 0 0 1531 4996; baseline 0 0"><span class='ocrx_word' id='word_1_326' title='bbox 0 0 1531 4996; x_wconf 95' lang='lat' dir='ltr'> </span> 
     </span>
    </p>
   </div>
  </div>
 </body>
</html>
