3050 5000
363 386 405 440 Dc
423 401 477 439 non
494 364 625 453 parcendo
643 381 672 435 In
690 379 767 434 deum
786 376 1005 449 delinquentibus.
1184 376 1245 441 261

116 577 198 642 tatis
223 575 422 652 dementiam,
451 573 499 637 illi
523 574 564 638 ad
584 574 665 655 ‘quus
686 571 740 635 uel
761 552 887 653 propter
911 552 988 650 quos
1005 551 1141 631 'dieiturt
1167 552 1247 663 pec*-

123 685 282 745 coueruut
302 698 368 743 mou
390 678 419 743 ci
433 678 499 760 piu
521 676 694 757 macalati·
716 676 807 739 matio
821 693 930 755 praua
945 676 975 735 et
984 688 1149 767 peruersa,
1172 668 1248 734 doec

122 784 253 848 domiuo
268 781 486 847 retribuistis?
508 782 554 845 sic
564 779 654 861 plebs
674 779 769 860 fatua
791 782 819 840 et
840 794 906 840 mou
921 773 1073 855 sapiens?
1096 764 1128 839 et
1148 772 1247 869 infra:

119 885 201 951 aiu
215 887 332 950 uiuum
346 888 377 949 et
390 884 602 948 mauduccuit
616 882 713 947 Iacet
733 885 762 944 et
783 881 922 944 satiatus
944 881 998 956 est,
1019 882 1049 941 et
1063 876 1249 972 coicitrauit

68 988 103 1044 L³⁵
119 989 274 1069 dilectus;
294 987 426 1070 piupuis
447 986 552 1067 factus
574 989 619 1049 est
640 986 670 1047 et
689 985 893 1047 incrassatus
910 984 965 1063 est,
988 981 1143 1045 dilatatus
1159 984 1248 1044 estet

118 1092 291 1173 dereliquit
311 1090 404 1155 deum
426 1090 482 1170 qui
503 1088 577 1169 fecit
599 1108 670 1152 eum
692 1090 723 1151 et
742 1087 868 1151 recessit
889 1106 910 1149 a
932 1085 987 1149 deo
1004 1084 1165 1149 salaciora
1179 1103 1244 1149 sua.

117 1194 387 1259 eocacerbaaeraut
408 1212 457 1255 me
477 1192 514 1255 iu
537 1191 670 1273 alteruis,
697 1190 735 1253 im
763 1187 1053 1281 abomiuctiouibas
1081 1188 1151 1253 suis
1172 1207 1245 1252 cou-

118 1299 308 1362 eitaueruut
327 1316 376 1360 mc
398 1298 428 1360 et
449 1277 716 1377 sacrificauerum
738 1292 916 1358 daemoniis
938 1296 967 1356 et
988 1310 1053 1355 mou
1074 1292 1151 1385 deo,¹
1175 1291 1247 1355 deos

118 1420 199 1483 quos
227 1420 291 1464 uou
318 1402 493 1477 acuerant·
519 1397 598 1461 moui
620 1396 664 1461 ad
687 1415 838 1477 praeseus
858 1399 1017 1459 ueueruut
1038 1414 1113 1477 quos
1128 1395 1246 1458 mescio-

70 1514 103 1556 10
119 1504 204 1568 baut
210 1508 324 1585 patres
338 1504 489 1584 ipsorum.
512 1500 605 1564 deum
620 1500 675 1581 qui
689 1483 845 1582 te'peuuit
861 1499 1060 1579 dereliquisti
1081 1504 1110 1563 et
1133 1497 1247 1563 obiitus

119 1627 155 1671 es
177 1606 270 1671 aaa
292 1606 426 1671 esaum
442 1588 486 1670 a.
524 1604 569 1668 sa
591 1603 624 1666 u
647 1602 683 1666 us
704 1602 840 1667 iussas
870 1586 1075 1684 dereliquisse
1099 1601 1193 1665 asum
1216 1600 1248 1663 a

117 1692 335 1774 idololatuiam
358 1708 502 1775 secutum
523 1691 636 1790 probat
658 1690 785 1789 quidem
808 1706 940 1788 perfidIa
961 1707 1017 1770 tua
1041 1724 1135 1787 quam
1153 1722 1246 1785 prae-

119 1812 220 1876 dieas.

164 1915 303 1981 XXIIII.
330 1914 393 1979 Sed
415 1932 496 1978 nunc
520 1913 561 1977 ad
583 1915 641 1977 hoc
663 1914 696 1977 te
719 1914 822 1978 sulum
847 1914 1015 1979 arbitratus
1039 1933 1107 1978 sum
1129 1914 1247 1996 perdu-
1305 1902 1309 1915 ’

75 2031 105 2071 1⁵
121 2018 275 2095 eundum,
299 2017 335 2081 ut
355 2017 482 2081 uideres
504 2036 564 2081 non
588 2036 657 2081 esse
680 2035 752 2096 nos,
784 2016 857 2098 quia
881 2017 965 2098 quod
988 2018 1030 2082 sis
1052 2018 1111 2107 tini
1134 2017 1247 2096 diuam,

119 2122 289 2186 iniuriosus
311 2122 489 2204 petulantes
513 2123 606 2204 atque
629 2123 791 2203 superbos,
816 2121 873 2185 sed
888 2140 1029 2199 ueraees
1052 2121 1109 2185 sed
1123 2122 1248 2203 praeter

122 2226 219 2289 deum
241 2225 388 2288 timentes
403 2225 568 2288 nemiuem.
600 2225 753 2289 Iohannes
775 2224 976 2289 beatissimus
1000 2224 1170 2305 apostolus,
1195 2245 1248 2287 ca-

120 2330 247 2393 rissimi
269 2329 377 2406 aetite,
409 2346 481 2391 eum
505 2327 591 2405 dicit,
622 2330 710 2392 omui
730 2328 864 2409 spiritui
886 2328 1016 2413 credere,
1045 2328 1100 2391 sed
1115 2327 1249 2409 probate

121 2432 258 2514 spiritus
279 2432 309 2495 si
331 2452 369 2495 ecc
391 2432 556 2511 densaret,
592 2433 745 2514 quereiam
767 2432 862 2495 multi
879 2430 1171 2513 pseudoprophetae
1193 2450 1248 2495 eoc-

78 2547 108 2587 20
121 2536 245 2618 ieruut,
279 2536 315 2599 tu
342 2535 420 2598 mihi
448 2554 528 2599 unus
553 2554 622 2599 esse
646 2554 683 2599 en
705 2535 754 2598 his
776 2535 1055 2617 pseudoprophetis
1084 2535 1248 2599 manifeste

122 2637 259 2715 uideris,
294 2637 450 2719 siquidem
478 2638 621 2720 negando
651 2637 702 2702 dei
723 2638 853 2701 unicum
874 2637 975 2702 filium
997 2657 1056 2702 non
1078 2639 1110 2704 te
1132 2639 1248 2703 habere

122 2741 186 2804 nisi
221 2739 396 2804 antichristi
430 2741 573 2822 spiritum
599 2740 630 2804 in
654 2760 707 2805 ore
728 2742 784 2805 tuo
809 2741 963 2824 sacrilego
987 2741 1139 2806 declares.
1176 2743 1247 2806 hine

124 2842 270 2920 efficitur,
295 2843 331 2907 ut
352 2861 408 2906 nec
434 2842 542 2906 audine
564 2843 665 2924 possis
687 2861 744 2908 nos
764 2844 930 2925 loquentes
954 2843 992 2907 de
1016 2844 1122 2908 diuina
1144 2843 1248 2909 ueter-

123 2946 226 3010 nitate
253 2946 338 3009 unici
366 2945 424 3009 filii
454 2943 520 3022 dei,
555 2945 712 3026 siquidem
734 2947 862 3028 spiritus
883 2945 938 3009 ille
960 2948 1067 3028 quiin
1089 2948 1121 3011 te
1143 2947 1251 3011 manet

82 3071 110 3110 ss
126 3049 304 3113 antichristi
326 3067 387 3113 non
407 3048 509 3130 possit
531 3049 685 3113 sustinere
709 3049 740 3112 et
761 3049 841 3114 nolit
863 3067 897 3113 se
921 3067 957 3112 ex
971 3049 1003 3112 te
1021 3050 1106 3132 pelli,
1131 3049 1187 3114 sed
1210 3051 1251 3114 sit

125 3152 257 3233 cupiens
287 3171 322 3216 eo
351 3171 450 3234 usque
477 3152 510 3214 in
536 3152 570 3215 te
597 3153 784 3232 mansitare,
821 3151 917 3216 donee
946 3153 978 3216 te
1000 3151 1110 3216 uideat
1133 3153 1174 3216 ad
1194 3152 1251 3216 iIla

122 3255 252 3336 raptum
273 3255 361 3332 loca,
383 3255 416 3318 in
440 3255 552 3337 quibus
574 3256 641 3337 ipss
664 3256 759 3320 sitin
781 3257 968 3339 perpetuum
989 3255 1128 3330 futurum
1164 3254 1250 3319 dolet

124 3358 210 3421 enim
231 3359 265 3421 te
285 3358 352 3421 tam
374 3357 595 3424 fidelissImum
619 3359 768 3425 delicium
791 3378 897 3438 suum,
930 3359 962 3423 te
992 3359 1135 3424 omnibus
1162 3358 1249 3422 desi-

125 3460 224 3524 deriis
253 3460 318 3526 suis
351 3462 513 3543 parentem
537 3481 574 3526 ex
603 3481 636 3526 se
667 3463 753 3545 eripi.
791 3464 968 3541 carissimi,
1001 3445 1118 3543 iuquit,
1153 3462 1250 3526 uetito

83 3586 111 3626 so
124 3565 215 3628 omui
241 3565 375 3645 spiritui
401 3565 542 3647 credere,
575 3565 631 3630 sed
656 3565 785 3646 probate
814 3565 949 3647 spiritus
976 3567 1006 3630 si
1028 3586 1065 3629 eoo
1087 3565 1143 3630 deo
1164 3568 1249 3640 suat,

126 3667 281 3748 quouicm
310 3669 404 3733 mutii
426 3669 716 3751 pseudoprophetae
744 3671 892 3736 emiorum
911 3671 947 3733 iu
969 3667 1099 3734 saecuto.
1139 3689 1176 3733 erc
1197 3667 1251 3732 ime

158 3905 494 3969 ·1mmw
597 3905 1179 3974 mmmsumm

122 3991 341 4058 musas

176 4217 345 4271 ldementia
421 4218 592 4271 4calcitauit
672 4217 852 4289 (idereliquid
929 4219 1043 4273 {idaeos
1117 4208 1151 4272 2'0
1168 4219 1250 4272 mani-

122 4302 208 4359 festae
277 4306 312 4358 22
330 4305 466 4374 sacrilegio
