3050 5000
393 336 435 390 De
453 351 507 389 uon
525 334 709 388 conueniendo'
723 349 782 388 cum
799 335 949 389 haereticis.
1191 336 1232 400 29

104 525 220 590 inueni
242 523 280 590 de
299 524 379 606 alsae
401 523 466 588 tais
489 522 685 586 mntaiantes
706 523 742 586 in
764 522 900 586 acritate
921 523 1017 586 sicuti
1039 523 1232 587 mandatnm

105 629 428 710 accepimasopatre.
451 647 504 692 oro
520 630 556 708 tc,
572 626 713 711 donnino,
730 645 795 690 non
809 626 891 689 sicat
906 626 1096 690 mandatnm
1111 645 1230 690 maana
1342 695 1345 698 ,
1391 644 1395 650 ·

103 732 242 798 scribens
264 731 333 812 titi,
356 732 409 796 sed
432 729 514 811 qaod
536 729 705 794 habaimas
728 728 768 792 ab
789 729 895 810 initio,
919 733 956 792 at
976 728 1151 812 diliqarnas
1172 749 1231 792 nos

101 835 310 915 alterutram,⁸
328 838 357 898 et
379 834 454 898 noco
472 837 518 898 est
539 832 660 897 caritas
683 837 721 898 at
737 833 932 898 ambutemus
954 832 1126 898 secandam
1139 853 1228 895 naara

75 940 183 1004 adata
203 939 281 1002 cias.
327 937 384 1002 toc
406 941 452 1002 eet
472 937 663 1004 mandatora
684 937 767 1002 neat
789 936 928 1001 audistis
951 936 990 1000 ab
1012 936 1112 1001 initio
1135 939 1171 998 at
1191 937 1229 1000 in

101 1061 135 1106 eo
155 1041 332 1121 ambuietis,
356 1041 506 1122 ananiam
529 1039 622 1106 matti
642 1039 775 1121 fallaces
790 1039 952 1123 procreari
966 1043 1041 1107 sanet
1054 1039 1093 1102 ia
1106 1037 1230 1102 sacena
1302 1071 1304 1081 ι

101 1146 160 1225 qni
182 1165 247 1208 non
269 1144 456 1227 confitemur
478 1143 585 1210 Icsnrn
609 1143 774 1212 Christarn
794 1144 918 1209 aenaea
939 1144 977 1208 in
999 1163 1145 1222 carnem,·
1173 1143 1229 1206 isti

101 1253 178 1312 sant
191 1248 324 1330 fatiores
335 1252 365 1316 ct
378 1248 573 1313 antichristi.
595 1247 698 1312 uidete
713 1267 771 1330 eos,
786 1267 826 1312 nc
838 1247 988 1329 perdatis
1002 1245 1086 1328 qaod
1103 1247 1227 1327 operati

101 1351 187 1434 ostis,
215 1351 269 1416 seo
296 1355 333 1415 at
353 1351 522 1416 mercedem
533 1350 667 1433 plenam
689 1351 862 1432 recipiatis.
908 1350 1013 1414 omnis
1033 1349 1091 1431 cai
1111 1349 1227 1414 rendit

62 1469 88 1509 1⁰
101 1458 132 1519 ct
152 1475 218 1520 non
240 1460 346 1520 manat
367 1456 404 1520 in
426 1455 574 1520 doctrina
592 1453 713 1522 Christi
734 1454 826 1518 deam
842 1473 907 1518 non
922 1452 1029 1534 tobct;
1050 1453 1107 1534 qni
1122 1455 1227 1516 aanor

99 1562 210 1622 maaet
229 1559 267 1622 in
288 1558 435 1624 doctrina
456 1559 524 1624 cias
545 1557 600 1624 ilde
621 1562 651 1622 ct
666 1562 795 1640 patrem
816 1561 846 1622 et
857 1557 965 1640 filiam
979 1556 1077 1620 tabet.
1110 1556 1140 1619 ei
1155 1555 1227 1636 qais
1341 1590 1347 1596 ·

100 1663 225 1727 uenerit
247 1663 291 1728 ad
312 1682 369 1727 aas
391 1667 420 1728 ot
440 1661 524 1730 tanc
545 1662 727 1726 doctrinam
747 1680 813 1726 non
835 1661 951 1742 adfert,
974 1658 1072 1724 notite
1086 1658 1228 1738 acciano

100 1783 173 1828 carn
193 1765 232 1828 in
253 1766 379 1832 comam
396 1770 426 1832 ct
447 1787 506 1832 aaa
523 1766 619 1832 nolite
640 1766 741 1830 dicere
763 1766 809 1845 ei‚·
826 1766 883 1846 aeri
905 1766 991 1829 enim
1012 1763 1092 1828 dicit
1114 1762 1143 1826 ei
1168 1782 1228 1826 aaa

101 1869 313 1934 communicat
335 1869 480 1950 operibns
501 1871 569 1934 cias
591 1869 754 1952 matianis.
800 1866 956 1951 quomode
977 1865 1048 1930 fieri
1068 1866 1225 1948 potuerat,

63 1983 87 2022 1⁵
100 1970 136 2034 ut
150 1989 207 2036 nos
221 1970 329 2036 tecum
345 1971 439 2054 atque
455 1990 528 2036 cum
542 1972 607 2040 tuis
624 1989 767 2039 essemus
783 1972 835 2036 dei
848 1970 968 2036 mittes
986 1989 1059 2036 cum
1073 1968 1227 2035 militibus
1307 1966 1310 1972 ’

77 2072 286 2158 ¹ant‘christi,
310 2074 563 2157 quandoquidem
585 2093 642 2141 nec
666 2074 798 2140 salutari
819 2093 877 2139 uos
898 2073 1076 2158 permiserit
1098 2072 1226 2155 spiritus

98 2177 237 2255 sanctus,
262 2177 339 2244 daus
361 2179 439 2242 haec
462 2179 631 2260 praecepta
652 2197 708 2260 per
729 2178 860 2244 beatum
883 2177 1083 2259 apostolum?
1253 2165 1260 2172 ’

140 2279 246 2344 XIIII.
271 2278 335 2344 Sed
355 2279 498 2352 fortassis
515 2281 619 2346 dicere
636 2281 783 2348 audebis:
805 2281 961 2362 namquid
977 2300 1030 2363 eqo
1045 2281 1083 2343 in
1097 2299 1225 2343 carnem
1324 2300 1327 2309 ·

98 2384 222 2448 aenisse
249 2404 326 2466 neco
353 2386 405 2451 dci
431 2384 546 2469 ciliano,
575 2391 611 2448 at
640 2405 725 2450 anas
754 2405 923 2466 nnncapcr
943 2405 980 2448 en
1002 2382 1225 2448 antichristis?

63 2502 159 2547 anon
183 2482 311 2566 quidem
331 2483 377 2562 tn,
402 2483 566 2550 Constanti
580 2485 759 2567 Imperator,
783 2484 909 2551 uenisse
930 2483 1105 2551 incernam
1127 2504 1225 2569 negas

101 2586 151 2651 dei
180 2586 296 2666 filium,
332 2588 389 2651 sed
417 2587 497 2655 dicis
524 2589 615 2653 illum
649 2608 742 2671 quem
770 2608 828 2655 nos
856 2588 1043 2657 eonfitemur
1069 2589 1102 2657 in
1130 2609 1224 2656 carne

99 2690 225 2755 uenisse
258 2708 327 2757 esse
356 2692 551 2776 creaturam,
586 2691 665 2756 dieis
693 2691 814 2757 factunm
842 2691 934 2758 illum
962 2712 999 2757 ex
1027 2692 1133 2770 nihilo,
1163 2712 1224 2758 uun
1324 2684 1353 2696 ‘'

98 2791 188 2857 dium
212 2810 281 2861 osse
303 2812 419 2861 uerum.
437 2793 488 2859 dei
509 2793 610 2859 filium
634 2793 814 2859 adfirmans.
853 2813 909 2859 nos
931 2796 1041 2861 contra
1056 2796 1109 2879 qui
1130 2796 1223 2861 Istius
1261 2842 1263 2846 -
1299 2808 1302 2811 ’

98 2895 184 2960 beati
207 2896 340 2978 apostoli
354 2896 498 2963 tenemus
520 2897 722 2963 traditionem
744 2898 903 2963 credimus
918 2918 1029 2963 uerum
1045 2899 1096 2963 dei
1111 2898 1222 2975 filium,

64 2998 257 3063 retrudimus
279 3018 375 3065 unam
397 3000 514 3064 habere
538 2999 689 3065 deitatem
711 3000 835 3082 patrem
858 3000 891 3065 et
912 3003 994 3065 huuc
1010 3001 1138 3065 unicum
1155 3002 1222 3066 eius

99 3100 207 3168 filium.
239 3102 326 3185 qaod
343 3102 390 3167 ita
412 3120 481 3168 esse
504 3104 649 3173 domnus
670 3104 702 3167 in
727 3104 826 3170 sacris
849 3104 914 3169 suis
930 3103 1103 3186 euangeliis
1118 3105 1221 3169 mani·

99 3202 194 3271 festat
216 3204 339 3272 moene:
362 3206 419 3287 qai
441 3226 489 3271 rna
511 3206 595 3271 aidit
616 3206 699 3271 nictit
722 3210 750 3269 et
768 3211 905 3288 patrona,
928 3206 975 3271 et:
997 3226 1050 3289 eqo
1071 3208 1109 3270 in
1127 3212 1222 3287 patro

99 3311 127 3371 ct
146 3312 239 3388 antor
259 3309 296 3375 in
317 3330 375 3388 nae,
399 3308 448 3376 etr
469 3313 564 3392 canet
575 3314 670 3390 nater
691 3329 794 3373 anan
813 3328 933 3376 earnm.
966 3327 1061 3391 saepe
1086 3308 1221 3374 dimmus

100 3410 182 3491 quia,
205 3428 278 3478 cum
294 3410 358 3479 sint
378 3410 460 3477 dnae
474 3428 628 3493 personae
648 3411 737 3493 pater
761 3411 795 3475 et
815 3410 914 3490 filim,
933 3412 966 3476 et
986 3413 1096 3478 tumen
1117 3413 1219 3479 dicat:

63 3533 151 3597 neco
174 3518 203 3577 et
218 3518 315 3596 pater
337 3534 439 3579 naara
461 3534 581 3592 samaa,
605 3514 654 3579 et:
676 3516 734 3597 qai
754 3534 803 3581 rne
823 3516 909 3584 nictit
930 3515 1015 3579 nait
1035 3520 1064 3579 et
1082 3520 1217 3595 patrem.

100 3617 147 3679 et:
170 3636 222 3699 aaa
243 3617 280 3681 in
295 3622 394 3699 patra
409 3622 439 3681 et
453 3622 552 3699 pater
572 3619 609 3683 in
623 3638 681 3697 me,
705 3617 783 3683 nihil
799 3618 887 3683 aliud
900 3636 957 3682 nos
972 3617 1064 3683 iilum
1078 3619 1220 3685 uoluisse.
1333 3638 1335 3643 ·

100 3717 239 3801 adsequi,
274 3720 334 3783 uisi
364 3720 438 3802 quia
466 3740 529 3785 una
558 3720 600 3785 sit
623 3721 793 3786 aeternitas
814 3721 913 3803 patris
937 3721 970 3785 et
990 3720 1058 3800 filii,
1092 3741 1155 3786 una
1178 3723 1220 3787 sit
1328 3739 1338 3764 'r

100 3820 236 3901 claritas,
259 3838 322 3887 une
342 3822 483 3904 potentia
505 3840 608 3888 imaue
623 3824 817 3905 magnitudo.
854 3824 972 3889 idcirco
992 3824 1107 3889 etenim
1124 3826 1219 3891 etiam

199 4008 232 4063 27
251 4008 387 4075 10.14,9.
406 4010 438 4063 10
507 4010 540 4063 27
558 4009 595 4063 ib.
610 4010 650 4074 10,
669 4009 702 4063 30
773 4010 807 4064 30
824 4011 951 4076 ib.14‚9
1019 4012 1051 4065 31
1069 4011 1107 4065 ib.
1125 4012 1166 4075 14,
1186 4013 1219 4065 10

148 4179 168 4232 3,
182 4180 294 4233 scribon·
363 4182 468 4235 deecit>
538 4180 571 4234 18
588 4196 699 4235 caraea
773 4180 808 4234 20
825 4198 936 4237 caraea
1008 4182 1043 4235 32
1060 4183 1221 4251 assequimur

100 4266 166 4320 carri.
188 4265 359 4319 Gaiiarndias
428 4264 462 4318 33
478 4281 581 4335 unaque
599 4266 736 4325 Latinius
856 4279 859 4283 '
