3050 5000
313 370 378 435 210
805 366 951 422 Luciferi

313 560 493 638 Pharaonis,
523 559 580 625 sed
601 557 648 623 illi
670 559 771 624 uitulo
794 577 887 643 quem
909 558 973 623 illis
996 556 1122 621 fuderat
1143 556 1239 639 ignis.
1291 554 1344 617 ita
1370 552 1403 616 et
1423 552 1453 614 tn

312 663 376 729 iam
398 683 458 728 non
482 663 540 727 deo
563 664 770 746 mancipatus,
806 662 864 728 sed
886 661 968 727 Arrii
991 659 1203 737 idololatriac,
1241 658 1304 740 qui
1330 674 1451 721 errasse

315 766 466 848 arguaris,
482 765 608 847 indigne
623 764 696 843 fers,
712 764 915 829 contumaces
931 782 987 829 nos
1004 763 1159 841 clamitas,
1177 762 1264 826 dicis
1281 759 1449 842 indignum

313 888 369 934 nos
391 868 529 932 circata
552 867 673 932 facinus
695 867 903 949 perpetratos,
932 866 968 931 ut
989 865 1171 948 imperatori
1192 862 1343 929 Romani
1368 863 1450 944 regni

315 971 420 1036 dicere
445 971 648 1036 auderemus:
670 971 765 1052 mole,
789 970 969 1050 Constanti,
992 969 1076 1052 sacis
1091 968 1326 1035 idololatriam
1350 967 1477 1030 intro-⁵

313 1076 423 1141 docere
438 1076 476 1138 ia
490 1074 660 1143 ecclesiam.
682 1073 790 1139 Moses
804 1072 924 1156 primus
938 1072 1162 1155 prophetarum
1179 1071 1236 1134 ille
1254 1070 1323 1134 deo
1342 1088 1449 1133 aman-

313 1179 454 1243 tissimus
477 1176 585 1260 gladio
609 1178 658 1242 cst
679 1176 865 1258 persecutus
888 1193 942 1241 eos
965 1192 1096 1257 quonam
1117 1176 1149 1239 te
1173 1174 1357 1239 instituisti
1381 1172 1448 1236 imi-

312 1282 456 1355 tatorem,
482 1282 513 1344 ct
537 1298 594 1362 ego
617 1280 785 1343 contumax
801 1298 871 1345 esse
887 1280 976 1343 notor
1000 1279 1074 1355 ate,
1098 1278 1172 1361 quia
1195 1276 1345 1341 dixerim
1363 1275 1450 1339 dcun

311 1386 344 1448 te
368 1383 573 1465 dereliquisse
598 1383 629 1447 et
651 1381 849 1447 idololatriae
871 1382 972 1445 temet
993 1382 1212 1463 mancipasse?
1239 1380 1357 1444 adhuc
1375 1378 1449 1442 filios

313 1487 413 1553 lsrael
434 1486 603 1551 fornicatos
626 1485 743 1549 clamat
766 1504 857 1550 saera
884 1484 1040 1565 scriptura
1067 1484 1202 1550 infilius
1227 1484 1474 1550 Moabitarum

313 1592 346 1655 et
368 1591 452 1673 quod
473 1589 578 1653 uocati
602 1590 640 1654 ab
664 1589 710 1653 eis
731 1589 1002 1655 manducauerunt
1023 1588 1186 1653 immolata
1208 1588 1315 1653 idolis
1342 1588 1378 1651 et
1401 1606 1448 1651 ea-

314 1694 386 1759 dem
410 1694 557 1758 adorasse
580 1693 680 1766 idola3
704 1694 813 1757 contra
835 1711 912 1777 quos
938 1692 1012 1777 quia
1025 1694 1071 1757 ita
1087 1692 1241 1757 exarserit
1257 1692 1335 1757 zelo
1355 1691 1449 1755 deuo-

312 1797 407 1863 tionis
428 1796 574 1861 inccnsus
597 1797 709 1861 Finccs
732 1796 890 1874 sacerdos,
920 1797 1086 1879 propterea
1115 1796 1167 1861 uel
1195 1796 1344 1861 maxime
1372 1794 1449 1877 quod

313 1900 420 1983 gladio
442 1900 626 1965 idololatres
647 1899 754 1965 media
769 1900 802 1963 in
818 1918 978 1985 synagoga
994 1899 1197 1977 interemerit,
1224 1900 1312 1963 adeo
1329 1898 1446 1981 placuit

315 2003 384 2081 deo,
407 2004 442 2067 nt
464 2004 506 2067 sit
527 2003 678 2084 scriptum
703 2002 823 2068 adhoc
847 2002 967 2067 lactum
991 2002 1107 2067 domini
1129 2002 1334 2085 indignantis
1361 2002 1471 2083 quic-¹⁵

313 2107 398 2171 uisse
412 2107 492 2171 iram
509 2108 540 2171 ct
554 2106 657 2189 ipsum
671 2106 766 2171 nimio
781 2108 985 2189 praecipuum
999 2106 1081 2190 apud
1097 2107 1261 2172 dominum
1279 2106 1445 2171 effectum:

312 2216 343 2275 et
362 2213 482 2279 locatos
504 2214 549 2275 est
562 2211 711 2276 dominas
727 2212 770 2277 ad
786 2212 900 2277 Mosen
915 2212 1038 2278 docos.-
1061 2210 1179 2277 Fiaccs
1191 2210 1289 2293 filias
1305 2210 1444 2277 Elector

311 2315 375 2398 dlii
396 2314 513 2381 Aaron
534 2314 706 2380 sacerdotis
733 2315 913 2397 conpescuit
938 2315 1025 2379 iram
1046 2334 1149 2381 meam
1176 2334 1199 2377 a
1219 2313 1309 2397 [iliis
1333 2314 1443 2395 Israel,

313 2422 350 2483 o'o
372 2439 405 2483 co
428 2418 511 2502 qaod
533 2416 653 2481 aelatus
680 2422 725 2482 est
750 2418 815 2481 acio
843 2418 880 2481 in
906 2418 961 2504 cis,
997 2422 1025 2483 ct
1053 2437 1119 2483 aco
1146 2417 1342 2501 ἐξανήλωσα
1365 2418 1443 2493 tilios

314 2523 419 2587 Israel
442 2523 480 2586 ia
501 2520 565 2587 zelo
588 2540 663 2586 mco.
687 2524 718 2586 ct
737 2540 801 2586 cccc
824 2520 902 2586 dato
925 2521 1190 2587 eilcstomeotom
1203 2541 1327 2601 meam,
1350 2525 1466 2586 tosta-i

313 2631 453 2691 meatum
480 2626 574 2708 pacis
602 2624 632 2688 ci
660 2629 689 2687 et
716 2625 833 2688 semlai
861 2625 929 2690 cius
957 2644 1027 2691 cum
1055 2626 1125 2708 ipsc
1152 2625 1190 2690 ia
1217 2629 1440 2692 testamentum

316 2728 680 2803 accommodatarum,
702 2729 853 2810 quoniam
875 2727 996 2794 solatus
1017 2732 1061 2792 cst
1081 2730 1137 2794 deo
1158 2747 1216 2794 sao
1240 2733 1270 2792 ot
1295 2732 1441 2794 eaorooil

310 2853 373 2915 pro
395 2832 474 2914 {ilias
496 2829 613 2896 Israel.
658 2831 690 2895 ct
716 2832 751 2894 tu
775 2850 831 2896 nos
855 2831 1015 2896 arbitraris
1044 2831 1259 2909 contumaces,
1285 2834 1367 2916 quia
1389 2834 1439 2896 tibi

234 2981 242 2996 .
316 2934 432 3000 erranti
453 2952 530 2998 uera
553 2933 716 2998 dicamus?
761 2934 931 3012 existimas,
955 2953 1028 2998 cum
1049 2934 1108 2999 tibi
1130 2935 1355 3018 displicemus,
1387 2957 1439 3001 non

314 3059 371 3105 nos
392 3039 465 3103 tunc
490 3037 549 3102 deo
571 3037 719 3119 placere?
741 3037 798 3102 sed
814 3055 867 3102 oro
882 3039 914 3102 te
931 3037 1029 3115 dieas,
1047 3037 1221 3118 Constanti,
1246 3059 1315 3122 qua
1332 3043 1465 3106 aucto-a

332 3143 407 3206 'tate
430 3141 515 3205 uiam
537 3141 693 3206 iustorum
715 3141 963 3223 patriarcharum
980 3143 1203 3224 prophetarum
1224 3145 1439 3224 apostolorum

316 3266 352 3311 ac
374 3246 547 3329 martyrum
575 3263 632 3310 nos
661 3245 798 3310 uolucris
827 3245 972 3310 deserere
1003 3246 1035 3311 et
1065 3246 1326 3328 conprehendere
1349 3250 1438 3314 istan

314 3350 403 3413 tuam
424 3368 538 3414 nouam
562 3368 655 3430 quam
678 3367 733 3430 per
747 3349 874 3414 Arrium
895 3349 1075 3414 instituerat
1090 3349 1245 3415 diabolus.
1271 3353 1440 3437 numquid·

307 3471 390 3518 anam
412 3454 530 3518 somnio
554 3472 588 3518 es
612 3453 790 3518 admonitus
819 3454 852 3518 at
880 3453 998 3518 dictum
1029 3453 1076 3518 est
1105 3453 1145 3518 ad
1167 3455 1211 3536 te,
1241 3475 1285 3520 ne
1314 3457 1440 3540 patiaris

318 3555 435 3622 Christi
464 3577 519 3623 nos
547 3558 769 3622 tenetentum
798 3576 891 3640 quam
918 3557 1086 3624 tenuerunt
1115 3557 1206 3637 Abel,
1236 3559 1343 3642 Enoc,
1370 3561 1467 3637 Noas

368 3813 400 3867 17
418 3812 493 3867 Num.
512 3811 555 3876 25,
574 3811 676 3865 lo-la

366 4037 480 4092 9athuc
573 4037 606 4091 10
624 4038 753 4091 scribtura
841 4038 871 4092 ll
889 4037 1139 4092 manducauerinto
1233 4039 1270 4093 14
1288 4042 1440 4097 idololatras

316 4123 453 4177 Latinius
525 4123 557 4176 15
575 4122 701 4177 scribtum
772 4123 804 4177 18
816 4125 949 4177 lllalllaron
1019 4123 1051 4178 19
1069 4127 1097 4178 et
1109 4125 1224 4194 scripsi,
1244 4129 1278 4180 ut
1296 4129 1326 4184 V
1339 4130 1372 4182 ia
1388 4144 1440 4182 ras.

316 4227 350 4262 m.
369 4205 418 4263 'alt
539 4209 766 4265 ΕΞΛΝΕΛΟΥΕΛ
789 4207 820 4272 V,
839 4209 887 4263 sed
905 4210 937 4262 ta
954 4225 1006 4280 cap.
1024 4225 1058 4266 111,
1077 4209 1126 4265 alt.
1145 4209 1300 4266 occiderem
1306 4232 1314 4276 ;
1334 4213 1380 4266 καὶ
1395 4212 1438 4266 oda

316 4293 474 4364 ἐξανήλωσα
492 4295 579 4349 LXX
648 4297 681 4350 27
699 4295 849 4355 martirum
867 4297 933 4350 itera
951 4296 1032 4363 tafroc
