3050 5000
496 374 537 428 De
554 373 661 442 regibus
678 372 844 443 apostaticis.
1184 375 1225 442 51

98 564 381 647 exacerbationem,
411 567 446 627 ot
473 563 673 628 ecocerboret
699 562 793 627 deum
822 563 1018 628 etacimom
1039 582 1131 629 socom
1152 563 1220 628 dis-

94 668 254 749 perderet,
288 671 318 731 et
348 667 528 750 molipmrm
559 667 637 748 fecit
667 686 762 748 super
795 685 898 732 omncs
926 687 1011 752 repes
1033 666 1137 734 Israel
1170 669 1227 749 qui

100 769 237 851 fuerunt
255 773 331 835 ante
352 790 434 836 eom.
472 771 536 836 noli
561 769 662 834 adhuc
684 770 717 834 ts
741 769 843 835 sinere
868 789 937 838 esse
962 769 1045 854 apud
1067 771 1225 852 Arrianus,
1337 848 1352 872 s

101 874 163 941 sed
184 875 234 940 fac
256 875 425 941 transitum
448 874 489 940 ad
511 892 567 940 nos
590 874 794 954 Christianos,
819 874 932 958 quibus
947 876 1020 940 sunt
1034 876 1080 940 ite
1095 877 1227 943 cunetae

67 990 88 1031 ὁ
102 980 253 1044 haereses
275 978 310 1044 ut
333 979 382 1044 est
403 979 491 1068 Baal.
538 979 583 1044 sic
605 979 663 1044 u'os
685 997 766 1043 nunc
790 979 879 1046 nobis
903 979 979 1046 estis
999 981 1162 1062 haeretici,
1191 981 1228 1046 ut

101 1082 170 1146 illis
190 1082 317 1148 illorum
343 1082 522 1166 temporum
552 1082 602 1147 dei
632 1081 805 1148 cultoribus
832 1081 948 1147 inerint
974 1081 1022 1146 illi
1051 1083 1105 1166 qui
1132 1084 1226 1151 idolis

100 1184 325 1262 immolabant;
347 1188 505 1268 perhanc
528 1185 685 1252 haeresim
706 1187 795 1251 tuam
822 1186 1015 1250 mihicrede
1044 1187 1128 1269 quod
1152 1187 1228 1254 talis

105 1289 151 1354 sis
173 1288 289 1355 nostris
311 1289 515 1372 temporibus,
539 1289 642 1373 qualis
664 1288 759 1354 fuerit
783 1289 814 1354 et
837 1289 955 1354 Achab.

95 1436 99 1442 ι
149 1391 219 1456 VII.
241 1392 289 1458 Ne
311 1394 370 1459 tibi
390 1394 500 1477 itaque
515 1393 652 1476 placem,
676 1393 761 1476 quod
776 1411 837 1459 non
854 1392 961 1458 statim
975 1393 1034 1458 tibi
1052 1393 1227 1460 reddiderit

53 1505 90 1544 ¹⁰
105 1495 195 1575 deus,
220 1496 344 1580 quande
366 1497 477 1562 uideas
505 1498 577 1561 huic
601 1497 710 1562 Achab
741 1498 774 1562 et
803 1497 892 1562 uxori
921 1498 988 1563 eius
1016 1497 1150 1577 lezabel
1175 1497 1229 1581 qui

105 1599 204 1663 etiam
225 1601 394 1683 prophetas
417 1599 591 1665 occiderint
614 1600 740 1680 domini,
764 1599 818 1683 qui
839 1600 871 1665 in
893 1601 981 1665 tanto
997 1601 1115 1666 scelere
1130 1601 1227 1667 fuisse

101 1702 304 1767 inueniuntur
325 1702 454 1781 uersati,
478 1704 515 1768 ut
536 1703 657 1768 nullum
679 1703 711 1767 in
732 1702 819 1767 terra
840 1703 949 1771 lsrael:
956 1703 1006 1770 dei
1022 1722 1055 1769 se
1070 1704 1228 1769 hominem

103 1805 309 1871 confitentem
323 1806 522 1888 permiserint
538 1805 703 1885 demorari,
719 1805 915 1890 pepercitum
930 1806 1026 1873 tuerit
1042 1806 1230 1874 diutissime.

103 1909 170 1977 noli
192 1910 250 1975 hoc
271 1908 387 1974 intueri
405 1910 499 1993 quod,
523 1927 596 1974 cum
619 1910 662 1974 sis
683 1909 897 1988 malefaciens,
928 1910 1090 1993 superbias
1119 1911 1226 1984 tamen

54 2011 138 2075 1⁵in
160 2012 331 2079 sceleribus
352 2013 435 2089 tuis;
458 2013 515 2078 sed
536 2013 625 2092 illud,
650 2013 844 2094 obsecrate,
869 2013 979 2079 uideas
1003 2013 1095 2097 quod,
1119 2013 1229 2079 uisite

103 2115 310 2194 conuerteris,
339 2116 375 2180 ut
401 2116 466 2181 illis
495 2135 565 2181 sero
592 2116 670 2180 licet
704 2115 831 2180 reddita
859 2117 931 2182 sunt
958 2116 1071 2182 merite
1099 2134 1228 2198 operum

104 2236 245 2296 suorum,
267 2218 315 2283 itu
337 2218 370 2283 et
390 2218 449 2284 tibi
472 2236 566 2300 posse
587 2218 827 2301 repraesentari.
865 2237 905 2284 ne
928 2219 1058 2285 dixeris:
1081 2219 1139 2284 dire
1153 2218 1228 2283 hice

102 2322 144 2386 irc
169 2341 263 2405 repro
285 2341 374 2406 sum,
408 2321 484 2387 tice
506 2326 623 2404 potens
650 2342 731 2408 som,
766 2322 847 2404 qood
876 2323 963 2388 euim
991 2321 1105 2388 borram
1132 2321 1227 2404 pidem

105 2427 239 2505 teneam,
263 2425 346 2507 qood
365 2425 489 2508 facicm
509 2429 590 2491 recte
606 2425 822 2508 persequendo
846 2445 896 2491 eos
918 2426 975 2509 poi
991 2425 1128 2507 credunt,
1152 2443 1229 2507 qoo-

53 2530 193 2594 mmodo
220 2548 283 2593 sese
309 2530 445 2594 conticet
475 2528 537 2595 itta
562 2530 642 2611 fides
665 2530 824 2610 descripto
845 2529 935 2611 epod
959 2529 1106 2599 Niciam:
1136 2530 1227 2606 haec,

103 2630 245 2711 iuquam,
269 2648 307 2696 ne
331 2631 456 2710 dixeris,
481 2630 538 2696 sed
559 2632 616 2696 illa
636 2650 747 2716 precor
769 2632 802 2695 te
824 2631 945 2711 uideas,
976 2630 1060 2713 qued
1082 2630 1164 2695 enirn
1188 2631 1229 2695 ad

96 2734 167 2797 ·hoc
189 2735 232 2799 sis
254 2734 326 2816 post
344 2735 436 2798 tanta
458 2734 568 2799 lunera
587 2735 645 2799 tua
666 2734 858 2817 superbiens,
882 2734 918 2798 ut
941 2734 996 2797 aut
1019 2734 1149 2799 audiens
1171 2752 1228 2799 nos

107 2834 159 2899 dei
182 2837 363 2902 sacerdotes
385 2838 486 2902 temet
509 2838 674 2904 conuertas
706 2837 746 2901 ad
770 2837 863 2903 deum
887 2836 942 2901 ant
963 2837 1049 2902 certe
1072 2838 1227 2919 percipias

105 2939 204 3021 digna
214 2939 369 3004 factorum
383 2941 511 3005 tuorum
526 2941 611 3019 tunc,
630 2940 753 3023 quando
769 2940 873 3005 dicere
885 2958 946 3005 non
958 2939 1079 3005 uulebis
1094 2940 1228 3005 inscium

54 3061 90 3103 as
103 3043 139 3106 te
162 3060 293 3108 errasse.
317 3043 395 3108 haec
417 3043 465 3107 ita
488 3049 557 3109 esse
588 3044 717 3108 aduerte
748 3042 890 3126 exemplo
919 3042 1096 3107 admonitus
1118 3042 1227 3108 Achab

106 3146 140 3209 et
167 3145 388 3227 prophetarum
424 3145 542 3211 domini
571 3145 780 3211 interfectoris
811 3145 844 3210 et
872 3145 1009 3211 omnium
1039 3144 1227 3210 daemonum

104 3247 245 3313 cultoris.
268 3249 350 3313 hunc
370 3249 439 3313 tam
456 3249 645 3314 sceleratum
660 3246 809 3330 intellege
824 3248 895 3313 ideo
914 3247 985 3329 post
1002 3246 1091 3311 tanta
1107 3248 1228 3314 seelera

103 3349 203 3415 fuisse
225 3352 257 3415 in
278 3369 374 3433 regno
398 3351 452 3415 diu
472 3352 679 3430 massuetum,
708 3351 745 3416 ut
771 3349 900 3415 tandem
930 3368 964 3415 00
994 3350 1021 3415 01
1048 3350 1128 3417 uelit
1149 3370 1227 3417 con-

105 3454 256 3532 uerteret,
278 3454 330 3518 cui
345 3473 405 3519 non
420 3454 523 3519 solum
538 3473 598 3519 non
612 3451 887 3536 repraesentantur
902 3453 1057 3519 malorum
1071 3453 1229 3521 factorum

51 3575 88 3615 so
105 3574 234 3621 suorum
255 3557 378 3635 merita,
402 3556 458 3621 sed
481 3558 514 3621 st
533 3557 565 3620 in
589 3556 883 3641 angustiisliuuetur
907 3556 1021 3622 adhoc
1038 3556 1104 3621 sine
1121 3556 1226 3637 dubio,

102 3660 140 3724 ut
161 3658 261 3741 possit
282 3659 425 3725 conicere
449 3678 509 3725 non
532 3679 565 3725 se
587 3656 1228 3743 00οΒ0010100110000(1001001100,οηοο

103 3762 224 3827 ethnici
254 3760 330 3827 deos
357 3762 546 3845 nuncupant,
580 3762 785 3840 uindicatum,
820 3760 877 3825 sed
906 3780 962 3843 per
992 3762 1085 3827 deum
1115 3761 1226 3841 lsrael,

101 3864 196 3929 cuius
219 3866 403 3948 prophetam
426 3884 534 3931 secum
555 3866 680 3930 uideret
700 3865 881 3948 loquentem
911 3866 1004 3947 etque
1033 3866 1092 3931 sibi
1117 3865 1227 3929 decla-

101 3967 238 4046 rantem,
262 3987 396 4050 quonam
418 3968 511 4035 modo
535 3969 612 4034 deus
640 3968 753 4034 fuisset
782 3969 926 4034 inimicos
948 3967 1163 4033 Israelitarum
1187 3966 1230 4031 ad

53 4086 88 4129 es
103 4068 239 4134 nihilum
261 4069 456 4136 redacturus.
482 4071 649 4138 obsederat
672 4072 754 4137 enim
776 4071 861 4137 filius
879 4072 964 4137 Adsr
978 4090 1035 4137 rex
1050 4069 1228 4159 Samariam

158 4224 256 4292 ‘lquot
325 4225 425 4281 8acab
494 4226 528 4281 20
546 4230 609 4296 aput
677 4227 709 4281 21
729 4227 813 4282 adhoc
831 4232 891 4298 (pro
910 4226 1004 4293 adhue)
1023 4226 1160 4281 Latinius

101 4312 137 4366 31
157 4308 239 4366 trahel
308 4311 342 4366 34
359 4314 489 4386 inirnicuej
1186 4310 1188 4317 ’

1093 4397 1128 4452 411
