3050 5000
327 167 334 216 l

284 376 347 442 218
742 428 746 435 ,
775 368 928 424 Luciferi

284 562 430 646 draginta
453 562 520 627 eius
541 561 634 641 filios,
662 562 840 625 lezabelem
870 578 994 643 quoque
1022 560 1164 644 reginam
1187 560 1276 642 quod
1299 559 1425 623 extinc-

285 670 352 733 tam
373 666 540 750 proiecerit
559 667 691 731 oanibns
714 683 884 748 omnesque
908 682 1017 731 seruos
1040 665 1141 729 Bahal
1171 684 1247 729 oum
1274 663 1423 729 omnibus

288 770 506 837 sanerdotibus
539 769 572 833 et
597 770 757 851 prophetis
792 768 983 835 confusionis
1017 788 1070 834 ore
1104 769 1275 834 extinxerit
1309 767 1421 851 gladii,

287 874 372 958 quod
387 873 555 939 simulacra
577 870 776 951 destruxerit,
799 873 905 955 plaeet
928 872 1010 937 deo?
1032 890 1088 937 nos
1110 872 1188 954 quid
1212 890 1312 955 agere
1338 871 1423 935 eirea

286 980 319 1043 te
350 976 515 1053 decuerat,
549 994 588 1041 no
618 994 675 1040 nos
704 976 916 1041 contumeliae
946 976 1128 1058 designares
1156 994 1228 1041 reos
1261 976 1296 1040 te
1324 974 1454 1044 eirea⁵

288 1100 383 1165 quem
404 1081 513 1146 debeb
537 1080 568 1143 et
590 1079 716 1145 lezabel
737 1080 808 1143 uias
829 1080 990 1144 tenentem
1011 1079 1182 1145 uidemus?
1204 1098 1271 1170 non
1293 1078 1348 1142 est
1366 1096 1422 1143 no-

288 1204 365 1250 uum
387 1184 469 1267 quod
493 1184 562 1266 agis
584 1182 689 1247 faeere
711 1183 822 1246 eontra
844 1182 952 1260 deum,
975 1183 1159 1265 impugnare
1183 1183 1252 1247 eius
1279 1182 1421 1258 domum,

288 1285 432 1372 persequi
456 1288 524 1351 eius
547 1286 720 1362 antistites,
756 1304 811 1351 eos
832 1304 889 1367 per
912 1305 989 1368 quos
1012 1286 1044 1350 te
1067 1287 1174 1351 monet
1195 1286 1233 1350 ut
1254 1286 1318 1351 tibi
1344 1303 1421 1349 eon·

291 1392 387 1467 sulas,
416 1390 462 1467 ut,
487 1390 561 1453 dum
585 1389 634 1452 est
654 1388 743 1453 loeus
764 1389 991 1471 paenitentiae,
1024 1389 1125 1453 temet
1145 1390 1256 1455 trahas
1282 1408 1308 1452 a
1325 1389 1421 1453 malo.

288 1494 416 1559 fuerunt
435 1493 494 1558 tibi
517 1493 589 1556 ante
611 1493 644 1555 te
665 1492 698 1556 in
720 1492 888 1575 sacrilegio
912 1491 1031 1557 similes
1054 1493 1099 1557 sio
1121 1492 1215 1557 idolis
1239 1492 1421 1556 seruientes
1435 1512 1451 1549 o

288 1597 439 1663 derelicto
463 1596 522 1660 deo
544 1595 668 1677 patrum
691 1614 828 1661 suorum.
852 1596 883 1659 in
901 1594 981 1661 libro
997 1596 1135 1661 seeundo
1152 1596 1420 1677 Paralipomenon

290 1701 453 1767 Ameriam
480 1716 587 1782 regem
616 1698 716 1764 ludae
750 1700 974 1764 commonitum
1006 1719 1025 1763 a
1055 1698 1112 1764 deo
1141 1718 1197 1781 per
1230 1698 1420 1781 prophetam

279 1804 488 1891 (audimus),
511 1823 550 1867 ne
578 1823 616 1869 en
638 1804 713 1868 filiis
741 1803 842 1869 Israel
868 1822 946 1886 quos
974 1805 1100 1868 eentum
1123 1804 1264 1869 millibus
1289 1801 1420 1865 talentis

290 1908 413 1990 argenti
435 1907 627 1972 conduxerat
655 1926 764 1972 seeum
793 1906 927 1971 fuissent
947 1906 1080 1989 proiecti
1104 1908 1143 1971 ad
1165 1907 1299 1983 bellum,
1323 1923 1419 1987 prop-

290 2012 380 2075 terea
400 2010 551 2077 uidelicet
572 2010 656 2094 qnod
679 2011 757 2075 deus
780 2010 1002 2093 dereliquisset
1024 2012 1140 2089 lsrael,
1171 2010 1324 2094 quoniam
1349 2008 1450 2091 qni-1⁵

290 2115 363 2179 dem
393 2112 633 2196 dereliquissent
663 2113 756 2177 doum
787 2114 818 2177 et
845 2113 939 2178 idolis
968 2114 1147 2179 seruissent.
1183 2112 1419 2196 obtemperauit

287 2236 343 2282 rex
357 2218 526 2298 prophetae
541 2216 657 2293 uerbis,
681 2216 818 2280 eredidit
840 2216 890 2280 dei
912 2216 1009 2281 fuisse
1033 2216 1324 2295 comminationem,
1350 2218 1421 2299 qnia

289 2321 367 2385 haee
397 2319 495 2384 facit?
528 2320 735 2402 posteaquam
759 2319 957 2385 aduersarios
980 2338 1054 2385 suos
1077 2320 1211 2403 subigit,
1247 2321 1421 2385 eorundem

287 2424 375 2489 idola
401 2422 543 2487 tollenda
571 2423 666 2505 atque
696 2421 737 2486 ad
763 2440 896 2506 regnum
926 2442 1018 2488 snum
1046 2422 1265 2489 transferenda
1296 2424 1421 2508 putauit

289 2529 322 2593 et
346 2528 417 2611 ipsa
446 2527 621 2600 adoranda;
654 2527 707 2591 oui
736 2527 811 2609 quia
841 2527 955 2592 dixerit
982 2528 1036 2593 ille
1061 2528 1112 2594 dei
1135 2530 1228 2593 homo
1253 2547 1318 2593 non
1342 2529 1450 2594 banea

287 2631 380 2695 illum
408 2631 526 2712 egisse,
557 2630 594 2693 ut
624 2631 717 2694 deum
747 2630 967 2714 derelinquens
1000 2632 1086 2697 idola
1117 2633 1236 2698 ooleret
1264 2633 1420 2715 gentium,

292 2733 414 2798 fortiter
438 2733 486 2798 est
509 2731 626 2798 domini
647 2735 831 2816 prophetem
858 2735 995 2800 isteron
1018 2737 1212 2818 persecutus.
1249 2737 1420 2818 conspicis,

291 2836 376 2918 quod
402 2837 433 2900 in
463 2837 552 2902 uobis
584 2838 744 2902 conuersis
774 2839 805 2902 in
838 2839 1028 2920 apostasiam
1061 2859 1183 2923 semper
1211 2858 1295 2905 unurs
1329 2841 1422 2904 fuerit

290 2940 413 3006 enimus
437 2941 477 3004 ad
499 2941 732 3024 persequendos
756 2961 810 3007 eos
844 2943 897 3025 qui
927 2943 1015 3009 uobis
1044 2945 1123 3009 bene
1151 2943 1263 3008 uelint.
1300 2948 1334 3008 et
1353 2943 1422 3025 fae-

290 3048 358 3108 iem
378 3049 438 3126 est,
475 3043 552 3109 dicit
580 3045 735 3128 scriptura
763 3047 888 3124 saneta,
917 3051 1128 3128 posteaquem
1149 3047 1241 3112 uenit
1263 3048 1449 3112 Amoebea

288 3153 451 3229 pereutere
464 3148 666 3230 remaneam,
689 3154 718 3214 et
739 3149 849 3213 attulit
870 3150 945 3216 inde
959 3151 1029 3215 deos
1044 3151 1159 3214 monde
1175 3151 1248 3216 Seir
1262 3155 1292 3215 et
1308 3150 1420 3216 staua

286 3267 343 3314 eos·
367 3249 429 3314 sobi
457 3251 495 3314 in
522 3253 595 3318 deos
620 3257 650 3317 et
676 3251 713 3317 in
741 3257 907 3334 conspeetu
928 3273 1033 3318 eorem
1056 3253 1212 3318 adorabat
1232 3257 1263 3317 et
1284 3255 1357 3334 ipse
1378 3253 1421 3318 eis

291 3353 492 3419 immolabat.
522 3360 551 3420 et
571 3356 660 3436 foetu
680 3361 726 3421 est
746 3375 843 3437 anper
863 3377 935 3421 eum
955 3357 1009 3421 ira
1030 3357 1154 3421 domini
1176 3358 1213 3422 in
1234 3355 1418 3439 Ameriam,

285 3460 319 3519 ei
340 3456 427 3520 mimi
455 3456 499 3521 ad
525 3478 597 3522 eom
618 3459 809 3541 prophetam
839 3459 1005 3539 Beroeam,
1037 3461 1180 3542 dixitque
1209 3461 1238 3524 ei
1269 3461 1420 3525 Benene:

291 3559 370 3641 quid
397 3561 549 3640 quaesisti
577 3562 649 3626 deos
674 3563 808 3644 populi,
843 3565 901 3644 qui
927 3585 994 3627 eon
1022 3563 1238 3629 lberoneront
1263 3563 1450 3644 populum³⁰

348 3832 351 3837 Α
394 3747 695 3814 llof.11Par.25,9
764 3749 917 3805 2411Par.
938 3751 979 3814 25,
1000 3751 1100 3804 14-16

340 3953 541 4016 3oonfusionib;
628 3927 768 4009 ertinberit
853 3956 996 4026 bgeaubel
1082 3955 1115 4008 10
1133 3921 1263 4008 fuerunt*
1328 3957 1356 4008 et
1371 3954 1417 4006 tibi

288 4042 370 4093 antee
387 4040 453 4106 fort.
525 4039 693 4095 mandimus
711 4041 864 4096 uerisimile
882 4042 1029 4096 iorleroe'dit
1097 4041 1202 4094 eentmn
1221 4037 1341 4094 millibus
1359 4056 1417 4108 quos

289 4127 395 4181 eentum
412 4126 484 4180 cosei.
505 4123 677 4181 Gallmediea
748 4127 780 4180 17
800 4127 861 4196 quie
877 4127 943 4181 haee
961 4126 1072 4195 scripsi,
1097 4126 1158 4194 quia
1176 4125 1219 4178 hio
1243 4127 1274 4194 V,
1295 4125 1364 4191 Quid
1379 4125 1417 4177 bio

288 4213 361 4266 coni.
377 4211 517 4265 Latinius
593 4211 626 4266 18
644 4211 748 4280 subegit
766 4211 834 4279 fort.
913 4213 947 4266 25
965 4211 1094 4266 scribtura
1168 4211 1202 4265 26
1220 4210 1355 4265 idumeam

291 4300 326 4353 28
344 4313 421 4366 super
438 4312 497 4350 euru
514 4315 575 4367 exp.
595 4299 662 4351 Lat.
1171 4288 1174 4294 ¹
