3050 5000
398 390 440 444 De
458 392 550 445 sancto
568 389 715 446 Athanasio
733 390 801 445 liber
817 389 850 445 Il.
1127 392 1187 459 193

60 596 166 662 mum,
195 595 295 657 aeque
321 577 360 641 ia
384 576 498 659 tempto
524 578 682 659 coqueio
704 577 989 660 arcanaeque
1010 578 1186 661 deliquerit.

63 683 211 749 ethnicus
233 680 402 764 aequitatis
422 680 510 747 uiam
531 680 613 745 inter
627 680 756 745 beatum
778 681 912 747 Paulum
928 683 960 747 et
974 684 1190 749 cohomicidas

60 788 137 851 tuos
158 784 294 850 Iudaeos
314 784 427 862 tenuit,
457 785 490 849 ot
516 784 554 848 tn
576 782 742 849 desideriis
770 784 925 849 malarum
947 785 1187 851 meditationum

60 891 192 954 tuarum
212 906 324 971 parere
351 887 481 969 cupiens
503 886 696 968 aequitatem
716 886 933 971 iustitiamque
954 889 1127 955 tollendam
1150 910 1187 957 ex

34 993 210 1058 oeensibus
231 1008 399 1057 censueras
420 989 544 1056 nostris.

104 1094 207 1161 XXV.
231 1092 296 1160 Sed
317 1093 474 1177 quomodo
496 1092 583 1157 istud
604 1092 709 1159 facere
730 1094 933 1176 potueramus
955 1096 1040 1178 quod
1060 1098 1098 1161 tn'
1118 1078 1212 1163 fieri'

62 1200 202 1282 cogebas
223 1196 334 1263 eontra
353 1195 517 1274 iustitiam,
549 1196 604 1278 qni
625 1196 876 1263 meminissemus
900 1199 1064 1281 scriptum:
1093 1201 1189 1267 aetite

62 1301 212 1367 iudicare
233 1299 406 1367 samem
421 1317 613 1382 posonem,
631 1301 685 1366 sed
705 1301 826 1367 instruo
848 1302 1005 1367 indutam
1025 1305 1188 1371 iudicate?

62 1406 218 1471 macte
238 1403 424 1469 modiloco
446 1420 508 1486 quo
531 1402 637 1468 dixisti
657 1402 812 1487 tempore,
835 1422 892 1469 cur
913 1423 974 1471 non
994 1408 1187 1473 memoratus

29 1521 51 1561 1⁰
64 1527 100 1573 es
122 1506 241 1572 dixisse
254 1504 481 1573 Nicodemum:
503 1508 661 1589 numquid
676 1507 727 1573 lec
739 1513 850 1573 metra
863 1509 1038 1576 iudicatio
1053 1511 1186 1594 tomice,

63 1613 133 1677 aiei
153 1611 270 1676 cod-iot
298 1610 339 1677 ae
368 1612 439 1693 ceso
466 1616 496 1675 et
523 1616 688 1695 coqnoscct
709 1612 788 1693 quid
808 1612 940 1693 fecerit?
983 1630 1039 1678 our
1061 1614 1188 1680 noluisti

65 1714 170 1779 audiri
191 1732 286 1796 quem
306 1732 395 1778 reum
416 1713 528 1779 mortis
557 1713 672 1792 dixisti,
704 1714 764 1779 nisi
793 1715 868 1797 quia
895 1714 976 1781 falsa
998 1715 1188 1783 detulisses?

66 1818 147 1883 dicit
168 1817 312 1884 dominns
336 1816 376 1881 ad
398 1816 550 1882 ludaeos:
584 1817 641 1899 qai
669 1816 810 1900 loqoitm
838 1819 1040 1883 mendacium
1067 1820 1106 1885 de
1133 1840 1189 1885 sco

64 1922 214 2004 uquitar,
236 1922 389 2004 omnium
409 1920 548 1987 mcccc
569 1924 616 1986 oet
636 1924 667 1985 et
683 1925 778 2003 pater
791 1922 867 1986 eius.
893 1920 925 1985 et
939 1921 983 2000 tu,
1008 1940 1080 1986 oum
1096 1942 1187 1988 men-

31 2023 129 2088 odax
154 2042 223 2089 esse
245 2022 406 2102 clarueris,
435 2021 585 2089 cestinias
613 2041 675 2088 non
702 2023 735 2086 ta
758 2040 828 2087 esse
851 2021 951 2087 filium
974 2024 1135 2089 mendacis
1154 2028 1189 2091 et

67 2126 167 2193 audes
180 2126 265 2192 filins
279 2126 443 2193 mendacis
457 2124 616 2206 resistere,
632 2126 800 2192 ueracibus
814 2125 920 2203 fallax,
944 2126 1061 2192 domini
1080 2136 1187 2195 sacer-

66 2229 194 2294 dotibus
215 2228 410 2312 sacrilegus?
431 2228 468 2293 tu
490 2227 599 2305 audes,
622 2245 716 2310 quern
731 2227 935 2293 aduertamus
951 2247 1020 2296 esse
1034 2231 1189 2297 latronem

67 2332 163 2415 atque
177 2331 280 2397 iurem
292 2331 384 2397 illurn
405 2349 500 2415 quom
514 2330 764 2428 praeostenderit
779 2330 923 2397 dominus
940 2332 1061 2399 dicens:
1086 2355 1188 2414 omem

66 2457 159 2503 omen
179 2436 250 2503 dico
269 2436 367 2517 actu,
390 2436 447 2519 qui
467 2456 535 2502 acu
555 2436 660 2501 icetrat
674 2455 737 2519 per
758 2436 895 2502 manem
914 2438 953 2503 ia
967 2436 1050 2503 cutte
1072 2438 1189 2516 ouium,

32 2542 121 2607 soced
142 2542 199 2623 qai
219 2541 362 2607 uscertdit
375 2560 437 2623 per
457 2539 560 2606 wem
576 2544 716 2622 partera,
738 2539 793 2605 itte
813 2540 870 2622 for
891 2546 937 2606 est
949 2546 979 2606 et
1000 2541 1092 2607 tetro.
1114 2560 1188 2624 por·

66 2644 177 2710 rexisti
199 2645 329 2729 quidem
342 2661 455 2710 manus
476 2643 519 2709 ad
534 2642 653 2710 Christi
673 2658 752 2710 ones
769 2643 951 2710 antichristo
966 2643 1188 2719 uindicandam

68 2747 126 2813 sed
147 2748 184 2813 ut
205 2766 240 2814 es
264 2748 389 2832 agnitus
410 2748 461 2812 fur
483 2747 578 2831 atque
598 2748 690 2826 latro,
721 2768 755 2812 es
783 2748 902 2814 nitatue
926 2749 1020 2832 atque
1042 2747 1189 2814 reiectus.

68 2869 125 2917 cur
144 2851 179 2916 te
199 2851 254 2916 uel
282 2851 532 2936 consacrilegum
554 2851 649 2917 tuum
673 2851 846 2935 Georgium
873 2869 934 2916 non
962 2851 1034 2916 sunt
1062 2851 1190 2916 secutae
1295 2855 1296 2860 ’

69 2973 145 3020 oues
167 2953 240 3019 dei?
261 2972 318 3019 cur
338 2953 440 3033 illum,
463 2972 557 3038 quem
580 2973 650 3020 esse
667 2953 950 3020 Alexandrinorum
971 2953 1140 3019 fortissime
1157 2973 1190 3020 es

36 3071 59 3113 2⁶
70 3057 179 3122 dolens
201 3056 392 3139 episcopum,
408 3055 579 3122 secuntur?
600 3056 662 3122 nisi
677 3057 759 3140 quia
772 3057 862 3122 illum
878 3057 1004 3140 quidem
1019 3056 1190 3120 instituerit

70 3160 134 3225 illis
156 3159 339 3242 episcopum
362 3159 449 3240 deus,
471 3161 505 3226 te
526 3179 603 3226 uero
626 3158 721 3244 atque
745 3159 918 3244 Georgium
941 3160 982 3225 ad
1004 3159 1189 3224 mactandas

70 3263 106 3328 ut
126 3262 264 3328 latrones
288 3262 321 3328 et
335 3263 420 3329 fures
434 3263 590 3330 inmiserit
604 3261 758 3330 diabolus.
782 3264 839 3346 qai
853 3264 958 3328 intrat
967 3267 1027 3346 per
1043 3263 1188 3335 waccar,

69 3365 180 3449 inquit,
192 3370 307 3448 pedm
319 3371 366 3433 est
378 3368 506 3449 cairam
526 3366 601 3433 taio
614 3368 770 3434 ortamno
784 3368 896 3450 optut,
919 3370 949 3432 et
964 3385 1036 3432 oues
1050 3366 1191 3432 medicat

70 3491 174 3537 worm
192 3470 262 3538 cios
280 3473 313 3536 ct
332 3488 503 3537 senseras
523 3473 619 3536 west
638 3471 832 3541 meatim
859 3473 890 3535 et
916 3469 1020 3534 edred
1040 3466 1191 3548 illus,·ct

37 3585 60 3625 ⁸⁰
70 3593 141 3640 cum
159 3591 238 3639 scos
258 3592 365 3640 moes
384 3574 517 3656 eluerit,
538 3573 583 3639 cd
596 3573 675 3639 illua
687 3573 790 3658 cadit,
814 3577 931 3640 eroco
945 3591 1016 3638 eom
1029 3575 1188 3656 emautur,

71 3677 147 3760 quic
167 3678 325 3743 ooccumt
344 3695 449 3742 uocem
462 3678 548 3757 etas;
569 3677 707 3742 niteam
727 3694 794 3742 noo
813 3679 972 3755 amator,
993 3674 1047 3740 scd
1060 3674 1191 3760 foeteat

172 3881 357 3947 Monate
431 3882 465 3939 10
480 3882 517 3937 ib.
536 3883 560 3947 7,
579 3882 611 3936 51
687 3881 720 3936 13
736 3880 774 3935 ib.
793 3880 872 3947 erl
941 3879 974 3936 18
991 3877 1027 3935 ib.
1046 3880 1122 3946 10,1

72 3966 104 4021 27
121 3967 157 4020 ib.
175 3967 216 4033 10,
234 3967 303 4021 2-5

122 4137 136 4190 1
154 4138 281 4206 templum
297 4154 313 4192 c
394 4138 508 4194 Camars
522 4139 636 4208 amsi,
655 4137 796 4194 Gaesarem
818 4139 857 4195 Vc
944 4138 977 4192 16
993 4133 1074 4191 fallax
1091 4135 1190 4190 domini

74 4223 269 4278 sacerdotibus?
286 4224 427 4294 sacrilegus
444 4226 474 4279 tn
491 4225 577 4296 sulco
595 4225 785 4297 decoratore
870 4223 905 4278 29
923 4223 1016 4278 educet
1094 4221 1131 4275 30
1146 4221 1190 4292 ad]

75 4313 132 4364 ante
149 4310 286 4366 Latinius

121 4411 202 4467 xlm
1056 4411 1089 4465 13
