3050 5000
293 333 333 400 10
780 332 932 386 Luciferi

293 539 361 586 esse
383 521 626 588 maluissemus?
649 521 704 586 aut
725 520 878 604 numquid
900 519 1006 586 dicere
1029 521 1179 587 audebis:
1199 543 1254 606 epo
1267 542 1336 588 eoo
1350 541 1424 585 sano

291 626 343 690 dci
376 627 537 710 tomice,
565 627 613 690 ilc
639 630 675 690 at
699 625 764 707 fuit
785 623 899 690 doleat
924 645 982 690 rec
1008 624 1136 690 leco?
1178 625 1336 708 quomodo
1360 642 1423 688 non

294 747 328 794 es
349 727 511 807 inimicus„
529 729 582 812 qni
605 726 715 793 eadem
739 745 817 812 agas
839 745 920 810 qnae
943 726 1009 810 egit
1029 727 1160 794 Achab?
1203 745 1276 792 cum
1305 727 1354 792 sic
1378 727 1423 790 sis

291 830 467 914 inpugnans
499 831 683 914 religionem
716 831 784 908 dei,
818 831 901 896 sicut
926 830 982 896 dle
1007 829 1236 914 inpugnanerit„
1269 829 1316 894 sic
1344 848 1423 912 per-

292 934 434 1016 sequaris
458 934 583 1000 domum
607 934 683 1012 eius,
714 933 797 998 sicut
818 933 873 998 ille
894 933 1080 1016 persecutus
1101 933 1153 998 sit.
1190 931 1350 1016 quomodo
1372 933 1422 994 te-
1446 951 1458 990 s

292 1053 365 1100 cum
388 1054 424 1100 ac
443 1055 515 1102 cum
536 1037 600 1100 tuis
621 1037 723 1120 potuit
745 1035 834 1102 nobis
856 1036 1033 1112 conuenire,
1057 1055 1129 1102 eum
1143 1035 1198 1100 isti
1216 1035 1275 1100 deo
1302 1034 1422 1098 denoto

290 1139 369 1221 regi,
386 1157 441 1203 our
463 1139 618 1206 Ochcziae
632 1141 701 1224 regi
715 1141 816 1204 lsrael
836 1140 963 1206 iunctus
976 1139 1089 1206 fuisset
1101 1139 1134 1204 in
1149 1137 1309 1214 amicitiis,
1322 1135 1423 1200 fuerit

291 1258 347 1322 per
380 1241 562 1324 prophetam
594 1241 781 1324 increpitum
814 1259 834 1306 a
865 1241 949 1308 decl
990 1246 1021 1307 et
1046 1241 1167 1318 iunxit,
1192 1239 1304 1324 inquit
1333 1239 1421 1304 ami-

293 1345 403 1408 citiam
424 1343 580 1426 Iosophat
599 1365 655 1408 roo
676 1345 762 1410 Ioco
776 1365 847 1410 cum
865 1344 1001 1410 Ostorio
1014 1364 1085 1428 repe
1098 1342 1213 1422 Israel
1227 1344 1296 1426 ipsc
1309 1342 1423 1424 inique

293 1447 393 1528 coepit
414 1446 519 1528 facere
548 1451 577 1511 et
599 1448 846 1512 communicaait
871 1468 943 1512 eam
969 1467 1075 1512 socam
1100 1451 1135 1512 at
1161 1446 1278 1527 faceret
1304 1464 1420 1524 maes,
1434 1466 1459 1504 ro

290 1550 404 1632 pactae
424 1551 485 1613 iret
506 1551 544 1613 io
558 1549 700 1617 ltarsis.
722 1555 753 1617 ct
772 1551 848 1632 fecit
867 1571 967 1616 naues
990 1552 1026 1616 io
1046 1552 1151 1616 Asson
1170 1549 1285 1631 Gabar,
1300 1552 1333 1612 et
1340 1569 1421 1630 pro·

287 1651 433 1732 portauit
456 1650 581 1716 Eliescr
602 1653 691 1734 filias
715 1652 811 1718 Oetae
831 1673 870 1718 ea
883 1653 1005 1718 Mareu
1017 1672 1113 1736 saper
1126 1651 1280 1733 Iosophat
1292 1652 1422 1717 dicem:

265 1780 272 1794 ·
292 1754 329 1817 ia
351 1774 392 1831 eo,
415 1755 497 1836 quod
523 1756 759 1820 communicasti
779 1753 940 1832 Oetoriac,
963 1755 1115 1839 confrcpit
1129 1755 1275 1822 dominas
1288 1776 1422 1836 operam

293 1861 392 1936 tuom,
409 1863 437 1922 et
452 1858 606 1922 contritae
620 1862 695 1922 sant
710 1877 810 1924 narres
835 1863 909 1922 tace
928 1863 956 1924 ct
971 1879 1034 1922 ooo
1045 1862 1197 1940 poterunt
1210 1859 1259 1922 e're
1271 1858 1420 1922 narsis.

293 2061 455 2128 habuisset
476 2063 547 2126 uiae
569 2061 753 2146 perditionis
780 2081 898 2146 regem,
930 2063 1124 2147 quidnobis
1152 2063 1216 2130 dici
1242 2064 1363 2147 posset,
1395 2063 1422 2127 si

292 2165 325 2227 te
349 2164 577 2230 destructorem
601 2165 712 2232 domus
736 2167 814 2245 eius,
835 2166 870 2231 te
892 2165 1068 2231 catholicae
1090 2164 1167 2230 {idei
1180 2166 1423 2248 persecutorem

294 2267 429 2332 amicum
452 2266 504 2332 dei
526 2267 708 2334 secerdotes
730 2271 939 2336 haberemus?
962 2269 1091 2334 siillius
1106 2286 1233 2352 operam
1251 2267 1425 2350 confregit,

293 2388 348 2434 our
369 2369 475 2460 iniquo
498 2367 611 2434 fuisset
624 2371 760 2450 iunctus,
783 2390 860 2437 uero
874 2391 931 2437 nos
945 2372 1010 2436 iam
1026 2371 1088 2452 ipsi
1102 2370 1233 2436 fulmine
1247 2369 1425 2436 fuissemus

293 2472 387 2539 eredo
411 2471 564 2554 dissipati,
588 2491 644 2539 cur
665 2475 725 2541 tibi
745 2475 929 2559 blasphemo
950 2475 1075 2541 nosmet
1096 2473 1317 2540 iunxissemus
1341 2491 1423 2556 qno·
1435 2490 1459 2531 n

293 2574 386 2641 medo
407 2575 610 2658 potueramus
632 2596 698 2655 nos,
726 2597 799 2643 cum
827 2578 926 2643 simus
948 2579 1032 2644 serui
1061 2578 1122 2655 dei,
1150 2597 1208 2643 uos
1235 2595 1310 2643 nero
1335 2577 1424 2643 send

196 2681 208 2705 l
295 2677 422 2755 diaboli,
446 2678 596 2743 inunum
620 2680 797 2758 conuenire,
825 2680 950 2763 quando
977 2682 1023 2746 sic
1045 2680 1206 2748 internos
1229 2681 1262 2745 et
1283 2699 1342 2745 uos
1364 2700 1422 2747 se-

293 2781 438 2861 paratum
462 2798 530 2846 esse
553 2781 690 2846 uoluerit
705 2782 794 2861 deus,
818 2784 974 2866 quomodo
988 2783 1071 2849 inter
1085 2784 1192 2851 lumen
1208 2785 1241 2849 et
1260 2784 1423 2858 tenebras,

293 2882 374 2946 inter
395 2884 495 2947 uitam
519 2885 551 2949 et
565 2884 708 2963 mortem,
730 2885 813 2949 inter
830 2885 924 2951 dulce
941 2886 973 2950 et
988 2905 1140 2966 amarum,
1164 2886 1320 2970 quomodo
1337 2886 1424 2951 inter

294 2986 420 3050 sanctos
443 2988 570 3070 angelos
594 2987 645 3052 dei
667 2988 720 3072 qui
743 2990 817 3054 sunt
839 3008 962 3073 semper
984 2990 1186 3056 clementiam
1209 2991 1276 3055 eius
1297 2989 1423 3071 magui·
1437 3004 1459 3045 a

293 3086 425 3154 ficantes
442 3091 474 3155 et
491 3089 658 3155 interillos
675 3092 837 3173 apostatas
853 3111 931 3175 quos
946 3094 978 3158 in
995 3094 1158 3158 aeternum
1171 3094 1278 3159 tecum
1292 3092 1424 3157 uisurus

293 3190 355 3255 en‘s
377 3190 526 3275 torqueri,
548 3192 609 3257 nisi
631 3192 732 3259 temet
755 3195 907 3277 eripueris
930 3197 969 3261 ab
993 3196 1058 3261 eis?
1091 3195 1257 3277 quomodo,
1279 3194 1422 3277 inquam,

154 3335 158 3351 ,
292 3310 357 3369 nos
378 3294 541 3359 uobiscum
571 3312 639 3359 esse
667 3296 869 3377 potueramus
907 3298 959 3363 dei
991 3299 1076 3365 serni
1103 3316 1176 3363 enm
1205 3297 1306 3363 seruis
1340 3296 1423 3361 auli-

293 3392 423 3458 christi?
446 3395 569 3478 quando
585 3396 732 3462 Amasiae
754 3399 824 3483 regi
844 3398 941 3465 fuerit
963 3400 1082 3465 dictum
1105 3418 1123 3463 a
1146 3400 1205 3463 deo
1226 3399 1259 3463 in
1281 3398 1422 3464 secundo

295 3492 544 3561 Subrelicterum
566 3494 662 3562 libro:
684 3520 751 3563 oon
765 3502 825 3565 ibit
839 3506 939 3567 tecum
954 3503 1107 3567 creatus
1120 3501 1238 3579 Israel,
1262 3502 1338 3583 poia
1354 3523 1422 3565 ooo
1434 3516 1457 3555 eo
1504 3543 1505 3548 κ

395 3680 412 3734 e
428 3678 455 3733 11
471 3678 530 3735 nar.
550 3682 591 3751 ao,
610 3682 711 3737 es-ac
782 3686 816 3739 eo
832 3688 868 3743 n.
886 3688 929 3753 ns,
948 3688 972 3743 r.
990 3688 1007 3741 s

342 3827 512 3923 diupugnai
625 3858 807 3927 8increpitus
829 3860 860 3924 V,
883 3860 1078 3929 increpatumo
1180 3860 1357 3929 tiosaphat3
1378 3861 1422 3913 sic

292 3938 309 3993 l.
327 3942 364 3993 12
450 3939 547 3993 israhel
567 3942 737 4011 (perumque
753 3943 812 4009 iarl)
907 3944 940 3998 10
958 3946 1028 4014 cepit
1122 3961 1181 3999 enm
1199 3962 1259 4015 exp.
1281 3945 1371 3999 Νίκα
1387 3946 1422 3997 in

291 4060 366 4113 cotis
435 4062 466 4113 ut
483 4078 508 4126 o,
528 4065 555 4115 et
578 4064 604 4118 V
669 4063 700 4116 11
718 4030 800 4130 Μ’]
883 4063 1006 4119 (labaro
1075 4066 1109 4119 14
1125 4068 1268 4135 potuerunt
1284 4066 1352 4133 fort.

290 4142 371 4283 {aem
426 4146 458 4201 15
481 4147 578 4201 sotium
658 4147 692 4201 20
710 4148 788 4203 ccede
806 4155 874 4205 m.1
955 4151 1118 4219 iuueniorem,
1198 4152 1233 4204 24
1251 4150 1354 4205 dulcem

373 4234 464 4286 erato
