3050 5000
290 377 353 444 124
779 375 927 432 Luciferi

287 569 395 636 nostri.
419 569 489 651 quis
502 568 570 633 tam
585 585 697 633 uecors
713 568 772 646 est,
788 568 842 650 qui
853 568 934 634 uelit
948 569 1114 651 corruphrs
1132 571 1194 636 ate
1210 571 1243 636 in
1258 570 1431 636 aeteruum

286 673 412 756 perires
441 670 494 754 qui
515 671 596 735 nolit
615 671 771 735 manendo
799 669 831 734 iu
853 671 1036 754 integritate
1058 673 1219 756 proximus
1243 670 1322 738 fieri
1347 673 1433 738 deo?

288 797 346 843 cur
359 779 438 842 hacc
455 776 511 840 aut
523 776 592 858 ipse
604 774 709 839 iecisti
725 775 781 838 aut
792 793 848 840 nos
863 775 968 842 iecere
983 776 1089 841 fueras
1104 777 1287 860 conpellere
1307 783 1432 843 ausus?

289 880 440 964 numquid
469 898 529 944 non
556 879 682 961 legeras
712 877 828 943 dixisse
854 878 887 944 in
908 878 989 944 libro
1013 879 1193 962 Sapientiae
1216 881 1431 946 Salomonem

289 983 331 1050 ad
360 984 469 1049 deum:
503 985 578 1050 drus
604 987 782 1064 parentem
809 986 839 1048 et
865 982 992 1048 domm
1020 983 1342 1068 misericordiarum,
1374 985 1463 1066 qui⁵

287 1088 393 1170 fecisti
421 1088 532 1152 omnic
558 1087 653 1151 cerdo
680 1089 750 1164 heo,
779 1091 808 1150 et
834 1087 999 1168 sapientia
1026 1089 1219 1152 mastihcietr'
1248 1089 1430 1168 hominen,

289 1197 328 1258 ut
347 1193 527 1258 dorcinetur
548 1195 715 1256 erecturos
734 1211 816 1272 prece
837 1211 859 1254 a
874 1193 903 1255 te
917 1191 1008 1272 sacta
1022 1195 1076 1272 est,
1099 1196 1136 1255 ut
1149 1192 1306 1274 disponerat
1321 1193 1431 1257 orbcrr

287 1301 450 1361 terrorum
463 1296 502 1358 c'rr
515 1295 644 1359 iustitia
654 1299 684 1359 ct
695 1295 854 1376 asperima
864 1299 893 1359 ct
904 1295 942 1359 ic
953 1295 1125 1360 directione
1137 1297 1242 1360 accim
1258 1297 1429 1362 iudicium

287 1399 421 1480 dedicet,
457 1399 489 1462 et
508 1399 641 1463 iterumt
672 1398 809 1463 demsisti
830 1397 991 1479 poputum
1020 1403 1111 1464 tusum
1138 1419 1199 1481 per
1219 1399 1290 1466 alic
1316 1420 1429 1481 opera,

288 1505 442 1588 proriam
463 1507 580 1584 oportet
599 1503 721 1567 iudom
743 1507 850 1567 esscet
872 1502 1060 1586 homocum,
1077 1503 1218 1570 ethecas
1231 1505 1305 1585 spei
1320 1506 1429 1586 fecisti
1442 1509 1463 1546 ¹·

289 1608 376 1691 filios
398 1609 491 1672 tuos?
512 1625 582 1684 non,
606 1606 744 1689 inquam,
768 1607 846 1670 haec
863 1606 981 1688 scripta
994 1607 1171 1684 inueneras,
1191 1607 1265 1692 (ut)
1283 1608 1430 1673 auderes

292 1711 334 1775 ad
360 1711 483 1775 tantam
511 1727 682 1792 prouocare
715 1728 773 1775 uos
806 1709 1090 1776 inhumanitatem?
1134 1711 1292 1792 quomodo
1323 1713 1429 1777 honae

291 1815 358 1898 spei
395 1815 454 1879 lilii
492 1814 630 1880 erimus?
680 1814 837 1897 quomodo
873 1813 973 1879 iustos
1007 1833 1063 1880 nos
1101 1814 1134 1878 et
1163 1815 1320 1879 humanos
1353 1815 1429 1879 ante

292 1918 387 1982 deum
417 1937 526 1984 seruos
552 1919 638 1982 illius
672 1918 901 1996 exhibebimus,
936 1935 1009 1982 cum
1037 1918 1310 2000 praeuaricatores
1344 1919 1428 2002 legis

291 2039 394 2104 neque
415 2022 491 2087 iusti
513 2041 614 2104 neque
637 2021 695 2086 filii
718 2021 769 2086 dei
787 2022 953 2088 dicantur?
990 2037 1144 2103 cognosce
1166 2021 1275 2102 itaque
1300 2039 1323 2085 a
1340 2023 1459 2106 qualis

292 2143 349 2191 nos
374 2127 493 2212 mono>
517 2125 656 2190 uolueris
677 2126 858 2207 pertrahere
883 2124 922 2188 ad
938 2125 1072 2190 mortem
1097 2124 1279 2208 etquidem
1303 2128 1427 2209 sempi-

290 2230 424 2307 ternam,
459 2228 616 2310 siquidem
646 2229 746 2294 omnis
775 2227 828 2310 qni
853 2226 968 2292 desinit
992 2245 1061 2292 esse
1084 2227 1165 2292 iuter
1188 2246 1252 2305 eos,
1287 2247 1371 2310 quos
1395 2230 1426 2293 iu

291 2331 428 2397 filiorum
464 2332 630 2415 adoptione
663 2331 828 2397 uocauerit
858 2329 951 2410 deus,
986 2330 1028 2395 sit
1056 2331 1203 2395 amittens
1231 2332 1354 2410 uitam,
1387 2333 1428 2396 sit

293 2436 477 2520 perpetuam
505 2435 670 2520 possidens
700 2435 844 2501 mortem.
890 2453 962 2499 oum
991 2435 1089 2517 igitur
1120 2435 1188 2500 sitis
1218 2434 1349 2501 Arriani
1375 2434 1427 2499 iu-

292 2541 421 2605 humani
448 2541 538 2623 impii
565 2539 712 2605 crudeles
740 2538 927 2615 homicidae,
963 2537 1119 2619 quomodo
1154 2538 1215 2602 dici
1250 2538 1458 2603 ernstiana

292 2644 459 2726 poteritis?
481 2644 539 2708 sed
562 2644 688 2709 etcum
710 2644 834 2725 negetis
858 2640 1018 2707 Christum
1039 2642 1167 2707 unicum
1192 2641 1242 2705 dei
1266 2641 1372 2705 lilium
1397 2642 1427 2704 et

294 2746 506 2811 confiteamini
528 2746 702 2812 credidisse
724 2764 782 2811 uos
796 2746 828 2809 in
846 2744 1073 2823 antichristum,
1096 2745 1179 2809 unde
1196 2744 1251 2808 aut
1267 2744 1427 2827 quomodo

294 2868 353 2914 uos
373 2851 517 2932 poteritis
533 2851 649 2916 Christi
664 2850 796 2932 probare
812 2866 931 2926 seruos,
954 2866 1027 2912 cum
1043 2847 1284 2913 manifestaritis
1299 2850 1427 2913 uosmet

293 2954 403 3017 uestm
416 2952 607 3035 professione
622 2972 692 3019 esse
706 2953 843 3019 famulos
859 2952 1056 3017 antichristi?
1080 2948 1286 3016 antichristus
1298 2952 1426 3028 etenim,

294 3055 325 3120 in
350 3076 443 3139 quem
465 3057 575 3121 Arrius
598 3056 779 3133 crediderit,
809 3074 843 3120 re
873 3074 950 3120 uere
971 3055 1046 3137 fcit,
1075 3056 1203 3136 quando
1225 3075 1294 3119 non
1315 3056 1457 3136 feccrit,ii

295 3160 405 3225 contra
427 3161 532 3225 noster
555 3160 695 3225 saluator
719 3158 864 3225 domiuus
887 3176 923 3223 ac
948 3158 1026 3223 deus
1053 3157 1104 3221 dei
1125 3158 1237 3222 unicus
1252 3156 1345 3223 filius
1368 3178 1425 3223 uou

295 3263 354 3344 est,
377 3263 413 3327 ut
432 3262 469 3326 tu
484 3263 543 3341 uis,
560 3263 734 3341 constanti,
757 3263 913 3339 creatura,
938 3261 994 3327 sed
1017 3262 1066 3327 est
1082 3261 1225 3326 dominus
1240 3262 1425 3336 creaturam

296 3365 346 3428 est
367 3365 514 3431 aeternus
536 3366 788 3443 inaestimabilis,
813 3366 896 3431 sicut
911 3366 960 3430 est
975 3366 1007 3431 et
1022 3366 1112 3430 cuius
1131 3364 1180 3431 est
1195 3364 1297 3439 filiun
1321 3364 1425 3429 induit

295 3486 371 3532 sane
393 3467 567 3550 perfectum
589 3470 746 3533 hominem
769 3467 949 3535 nouissimis
972 3468 1083 3534 dicbus
1106 3467 1146 3531 de
1167 3468 1256 3532 utero
1280 3468 1423 3551 uirginis,

296 3569 353 3634 sod
376 3571 502 3635 etcum
524 3571 718 3653 suscepisset
738 3568 908 3649 hominem,
931 3571 1008 3639 talis
1030 3571 1079 3634 est
1101 3570 1298 3637 inmutabilis
1320 3572 1460 3637 ineos-³·
1506 3654 1507 3659 ἵ

397 3757 414 3809 5
432 3758 492 3827 Sap.
510 3758 536 3821 9,
556 3757 623 3811 1-8
691 3759 708 3811 9
725 3756 762 3810 ib.
783 3757 824 3822 12,
845 3757 877 3810 19

346 3932 362 3985 9
377 3937 444 3999 post
461 3929 560 3983 iudicet
571 3946 630 3983 ras.
641 3934 661 3984 3
671 3930 726 3984 titt.
798 3930 830 3983 10
841 3929 984 3982 humanum
996 3928 1134 3981 Latinius
1146 3932 1173 3981 et
1185 3926 1280 3994 LXX,
1293 3926 1427 3995 humanas

299 4038 339 4091 Vc
429 4006 504 4089 boraso
518 4037 547 4102 (··
565 4053 598 4089 ore
617 4037 681 4103 rso.)
788 4034 819 4088 11
839 4033 920 4089 “haec
938 4033 964 4101 (¹¹
981 4050 1015 4087 oc.
1034 4034 1100 4099 rec.)
1204 4032 1235 4083 ut
1252 4030 1359 4085 addidi

296 4122 329 4175 12
348 4120 486 4192 quomodo]
504 4138 565 4176 uero
589 4123 657 4177 cdd.
681 4138 702 4177 e.
721 4122 940 4177 immerito
1045 4119 1078 4173 16
1095 4118 1164 4173 hono
1188 4118 1214 4171 V
1227 4133 1250 4171 s.
1274 4117 1291 4170 l.
1310 4134 1345 4171 oa.
1366 4134 1427 4185 rec,

295 4241 341 4294 epc
358 4227 453 4279 malim
535 4225 568 4278 18
585 4198 729 4309 adoptioni
748 4228 767 4293 (ν
785 4232 811 4279 et
830 4225 846 4239 ⁴
861 4242 895 4278 rc⁴
912 4226 977 4291 roc.)
1060 4222 1211 4276 ammittsus
1292 4219 1327 4272 23
1344 4222 1426 4275 maul-

292 4312 422 4365 fcstaritis
440 4312 550 4379 scripsi,
568 4310 744 4364 manifestetis
763 4311 909 4378 Latinius,
928 4309 1135 4364 manifestaretis
1158 4310 1196 4362 Vc
1294 4306 1330 4359 25
1342 4323 1386 4361 rer
1405 4312 1425 4377 ts

294 4401 378 4466 cras.)
449 4397 482 4450 27
495 4398 658 4484 mnetcntiup
678 4400 760 4465 (corr.
779 4416 813 4451 m.
831 4400 895 4464 rec.)
966 4396 1000 4451 29
1018 4411 1099 4451 sanas
1116 4413 1150 4449 m.
1168 4400 1184 4449 1
