3050 5000
292 344 357 409 222
785 352 937 409 Luciferi

292 568 346 612 rex
377 548 515 613 Iudaeae
545 546 677 629 adeptus
704 546 808 624 fucrit,
840 548 872 611 et
899 546 1028 613 tandem
1059 547 1167 613 desine
1192 548 1232 614 de
1257 549 1354 616 nobis
1379 548 1428 611 di-

292 670 380 716 cere:
403 652 529 733 superbi
550 656 625 715 suut
640 655 732 732 atque
752 650 980 717 contumeliosi.
1002 650 1087 733 tecet,
1109 652 1222 734 inquid
1247 655 1340 734 quod
1363 673 1429 717 rec-

291 758 359 817 tum
381 758 427 817 est
447 757 522 817 cute
542 756 740 834 conspectum
767 751 890 817 domim
919 757 947 817 et
969 752 1150 820 ambuluuit
1171 756 1210 821 im
1231 756 1295 819 uia
1312 758 1428 837 patris

290 858 342 920 sui
357 854 481 931 Dauid,
502 860 532 919 et
553 875 619 919 uem
639 854 817 921 deciimauit
838 855 952 922 deutra
974 860 1033 921 cut
1052 858 1198 939 sinistra,
1224 858 1308 923 item
1334 858 1427 933 infra,

290 960 497 1041 posteaquam
527 958 635 1024 domos
663 958 883 1023 reaedificauit
912 957 1030 1025 domini
1053 960 1086 1025 et
1107 960 1258 1027 sacerdos
1281 961 1426 1027 misisset
1448 984 1457 1023 s

289 1062 371 1143 legis
392 1062 507 1127 librum
530 1062 571 1125 ad
592 1079 716 1143 regem:
739 1066 767 1127 et
789 1061 981 1144 factumest,
1005 1081 1076 1127 cum
1091 1063 1235 1129 credisset
1249 1082 1310 1127 rea
1327 1065 1425 1129 uerba

291 1165 367 1229 libri
389 1164 479 1250 lepis,
509 1166 663 1230 conscidit
689 1164 880 1229 uestimenta
901 1182 972 1229 sua.
1001 1168 1029 1229 et
1051 1167 1221 1232 mandauit
1242 1186 1305 1231 rec
1332 1166 1425 1231 ahel-

289 1267 379 1331 ctu'ae
405 1268 562 1332 sacerdoti
588 1272 618 1331 et
644 1266 802 1331 Alchimae
829 1267 898 1349 filio
932 1268 1070 1349 Iosafam
1102 1273 1132 1333 et
1160 1269 1314 1335 Achiliae
1352 1270 1421 1353 pilio

292 1370 451 1436 Matidiae
466 1376 496 1435 et
512 1370 620 1452 Safar
640 1370 760 1437 scribae
783 1374 812 1435 et
826 1371 904 1435 Ioas
925 1370 995 1451 titio
1017 1372 1099 1453 repis
1120 1372 1245 1439 diceus:
1270 1374 1421 1455 quaerite

289 1494 311 1537 a
332 1474 460 1539 domiuo
483 1494 541 1553 pro
563 1494 612 1541 ure
633 1478 661 1537 et
678 1492 741 1554 pro
761 1472 907 1539 omuibus
929 1473 1018 1539 Iuda
1038 1474 1077 1539 de
1098 1474 1203 1539 uerbis
1226 1475 1308 1540 cieri
1323 1475 1451 1541 huicce

288 1579 430 1663 imuemti,
464 1578 619 1659 quereiam
645 1597 766 1660 mapua
795 1578 848 1643 ira
876 1578 999 1643 domiui
1027 1596 1160 1643 aceensa
1185 1582 1232 1643 est
1252 1579 1295 1643 im
1317 1579 1420 1659 mobis,

287 1682 439 1762 quautam
460 1699 527 1744 com
549 1680 722 1745 audieruut
748 1685 858 1762 patres
886 1682 989 1745 uestri
1016 1682 1113 1747 uerba
1142 1681 1220 1747 libri
1245 1681 1352 1746 huius
1375 1702 1420 1747 se-

288 1786 429 1849 cuudum
444 1784 555 1848 emmiu
574 1784 697 1864 scripta
718 1788 754 1849 ut
775 1783 923 1865 facereut.
948 1788 978 1849 et
992 1784 1074 1849 abiit
1089 1783 1258 1853 aerarias
1274 1786 1420 1851 sacerdos

287 1892 316 1950 et
339 1887 465 1951 Acicam
486 1890 514 1949 et
539 1885 647 1969 Safari
667 1890 697 1951 et
718 1886 796 1951 Icus
819 1886 862 1951 ad
883 1886 998 1953 Oidam
1013 1885 1262 1968 prophetissam,
1289 1908 1420 1951 caerem

285 1989 370 2055 Seite
389 1990 453 2073 put
476 1989 698 2068 Tucuelarum
726 1990 823 2055 uestis
853 1990 1020 2069 custodem,
1042 1995 1070 2056 et
1093 1993 1168 2073 ipsa
1189 1990 1365 2057 habitabat
1387 1992 1449 2055 tec

288 2092 500 2157 Hierusalem.
522 2097 551 2157 et
566 2093 662 2157 locuti
676 2097 752 2157 suut
767 2093 810 2159 ad
825 2112 895 2157 ecus
910 2094 1081 2159 secuudum
1096 2094 1181 2161 daec.
1206 2100 1235 2159 et
1250 2095 1344 2159 atate
1360 2096 1421 2167 eis,-

285 2195 462 2260 haecdicit
484 2191 633 2259 domiuus
653 2197 732 2261 deus
753 2195 873 2261 Israel:
906 2196 979 2261 uiro
1007 2197 1064 2279 qui
1091 2198 1182 2263 matt
1207 2218 1265 2265 uos
1298 2199 1346 2263 ad
1376 2218 1421 2261 me

287 2299 419 2385 <dicitas
439 2298 535 2382 duee>
553 2299 633 2364 dicit
646 2297 810 2364 dommus:
832 2318 896 2363 ecce
918 2299 1076 2365 adducam
1100 2302 1190 2366 mala
1211 2320 1314 2383 super
1334 2301 1419 2367 huuc

286 2402 388 2467 locum
416 2407 445 2466 et
466 2422 562 2483 super
582 2401 798 2467 inhabitautee
826 2403 864 2467 iu
886 2422 955 2466 eum
981 2404 1153 2469 secuudum
1181 2406 1297 2469 ommia
1320 2404 1419 2469 uerba

284 2506 358 2571 libri
380 2507 476 2570 huius
497 2526 579 2588 quae
601 2505 675 2588 lepit
696 2525 752 2572 roa
767 2505 864 2586 Iuda,
883 2527 945 2588 pro
968 2507 1082 2589 quibus
1103 2509 1350 2591 dereliquerunt
1373 2529 1448 2574 orec

285 2615 315 2674 et
335 2609 543 2674 iuteuderuut
562 2609 613 2673 dis
635 2608 752 2674 alienis
775 2613 806 2673 et
825 2610 1094 2678 oaocerbaueruut
1121 2632 1170 2678 me
1198 2613 1238 2677 im
1265 2613 1418 2694 apericus

285 2732 444 2778 muuuum
466 2731 608 2778 sucrum.
636 2717 665 2777 et
686 2713 818 2778 incensu
838 2717 884 2778 est
904 2714 957 2778 ira
979 2735 1049 2782 mea
1070 2716 1107 2780 iu
1128 2714 1184 2780 hoc
1206 2717 1272 2782 loco
1297 2719 1331 2779 et
1351 2734 1417 2780 mou

285 2815 513 2896 eastiupuetur.
535 2820 563 2879 et
585 2815 629 2880 ad
650 2835 752 2898 repom
774 2815 862 2882 Iuda
883 2817 939 2898 qui
960 2818 1052 2882 misit
1072 2837 1137 2900 uos,
1159 2823 1195 2882 ut
1217 2819 1416 2900 quaereretis

284 2939 307 2981 a
327 2917 465 2998 domiuo,
487 2917 562 2982 haec
583 2918 710 2984 dicetis:
731 2918 808 2984 daec
822 2919 901 2984 dicit
914 2919 1061 2984 domiuus
1075 2921 1152 2986 deus
1167 2921 1293 2988 Israel.-
1316 2921 1413 2988 uerba

285 3042 356 3086 urea
376 3043 456 3104 puae
477 3022 600 3086 audisti
621 3027 650 3086 et
670 3023 827 3088 reueritus
847 3043 879 3088 es
900 3044 922 3088 a
944 3024 1027 3105 facie
1054 3043 1138 3104 mea,
1173 3025 1258 3106 quia
1286 3025 1412 3088 audisti
1422 3041 1441 3082 ss

285 3145 365 3207 quoe
387 3126 508 3191 loeutus
535 3145 605 3189 sum
626 3125 664 3189 im
692 3123 794 3190 locum
823 3125 920 3190 istum
952 3131 980 3192 et
1005 3125 1221 3192 inhabitantes
1243 3127 1282 3192 im
1305 3125 1409 3204 illuri,

285 3231 357 3311 pieri
377 3230 416 3293 im
442 3229 564 3294 dereme
592 3233 621 3292 et
648 3229 685 3292 iu
712 3228 974 3296 maledieticuem.
1009 3234 1037 3294 et
1063 3230 1188 3296 scidisti
1214 3230 1409 3296 casamenta

283 3336 341 3395 tua
362 3337 390 3396 et
407 3331 550 3413 plorasti
572 3336 646 3398 aute
667 3337 867 3414 conspectu-m
889 3353 1006 3417 meum,
1036 3338 1063 3396 et
1085 3353 1138 3415 epo
1161 3333 1295 3412 audiui,
1323 3333 1409 3397 dicit

281 3434 428 3498 dmuimus
461 3434 628 3500 uirtutum.
659 3439 790 3516 propter
817 3435 871 3502 hoc
898 3457 952 3519 epo
979 3435 1098 3500 abduco
1127 3440 1156 3500 te
1184 3436 1274 3518 apud
1293 3442 1407 3519 patres

281 3541 360 3619 tuos,
383 3541 412 3598 et
434 3539 605 3620 udauperis
628 3538 664 3602 im
679 3559 772 3623 pace,
794 3543 822 3603 ct
844 3539 997 3604 uidebant
1018 3538 1100 3604 ocuti
1124 3538 1173 3604 tui
1187 3540 1300 3606 ommia
1316 3540 1438 3604 malou

281 3659 362 3721 quae
384 3659 437 3721 epo
457 3641 572 3704 iudaea
593 3642 631 3705 ire
653 3640 719 3706 loeo
741 3642 800 3707 isto
826 3645 856 3708 et
884 3661 979 3724 super
1000 3641 1218 3708 indubitantes
1239 3642 1277 3708 iu
1298 3642 1402 3708 illum.

383 3810 644 3880 enneegeac
712 3811 1040 3881 ceuceu-rae

332 3948 345 4000 1
358 3947 451 4001 iudeee
466 3950 497 4012 V,
510 3948 576 4001 ludu
587 3950 660 4003 corui.-
670 3949 807 4003 Lutireiue
863 3951 879 4003 't
892 3949 1018 4004 ltihclchie
1029 3953 1052 4018 (c
1064 3953 1147 4020 erue.)
1207 3951 1337 4007 Balchiue

279 4033 404 4102 Iosephat
421 4052 438 4087 v
527 4035 620 4088 achilic
637 4035 720 4088 filiam
737 4034 847 4090 melchia
937 4035 1093 4106 9Saphdo
1186 4037 1220 4092 13
1236 4037 1336 4092 celibis

280 4119 313 4171 14
331 4119 410 4173 ollam
480 4120 512 4172 15
530 4121 657 4176 Sellaee
712 4120 892 4176 'l'acuellcmm
905 4140 929 4186 c,
948 4123 1065 4178 Theccue
1082 4123 1131 4179 filii
1148 4125 1397 4180 maecenates

278 4205 345 4258 daec
361 4206 476 4258 maurim
493 4211 527 4260 ut
544 4207 604 4260 aliu
616 4224 663 4262 eru.
675 4224 710 4262 eoc
721 4225 763 4279 pr.
833 4208 866 4261 18
878 4209 958 4263 dicite
969 4209 1034 4264 hece
1047 4211 1151 4265 addidi
1219 4211 1253 4264 29
1270 4213 1333 4279 aput

278 4289 312 4341 30
330 4306 382 4342 non
400 4289 529 4344 uidebant
549 4291 620 4347 Gali.
689 4294 721 4346 31
739 4293 827 4348 locum
843 4294 957 4350 istumo
1025 4295 1105 4351 illoc
