3050 5000
325 367 392 435 328
820 369 965 424 Luciferi

327 574 432 622 meam
453 576 604 624 reuocare
631 578 693 624 non
720 577 858 640 possum
892 577 993 624 sermo
1023 559 1109 624 enim
1145 555 1301 640 pietatis
1330 555 1399 618 tuae
1420 555 1461 619 ian

329 660 449 726 dudum
472 661 513 726 ad
534 662 684 746 populum
705 663 821 729 missus
843 681 894 728 me
918 662 1045 746 quidem
1067 681 1176 744 quem
1194 659 1369 742 patienter
1389 660 1462 722 omniu

327 765 409 831 ferre
431 784 561 832 necesse
575 767 626 832 est
638 766 807 848 plurimum
821 765 952 842 lacerat,
964 765 1026 830 sed
1042 766 1201 830 animum
1219 765 1327 826 tuum
1343 762 1393 844 qni
1407 761 1462 825 leni-

326 869 388 934 tati
410 887 532 951 semper
553 870 659 948 uacat
682 869 736 952 qni
756 887 927 952 numquam
953 869 989 933 ut
1011 869 1175 952 scriptum
1206 867 1266 930 est
1290 866 1325 930 in
1349 884 1463 929 occasun

329 971 392 1037 diei
406 971 602 1038 iracundiam
618 973 735 1050 seruat,
756 970 933 1056 retine<re>
951 971 1037 1036 circa
1051 991 1103 1036 me
1129 968 1406 1052 indignationem
1422 969 1478 1032 nio

326 1075 436 1142 raculo
463 1075 542 1140 mihi
571 1076 629 1141 est
663 1075 850 1159 egoenim,
878 1075 1115 1158 religiosissime
1151 1073 1361 1156 imperator,
1387 1073 1462 1136 tecm

327 1197 437 1244 ueram
458 1198 570 1262 pacem
590 1179 725 1262 requiro,
748 1197 829 1262 quae
851 1195 911 1244 non
939 1178 981 1242 sit
1009 1179 1115 1244 uerbis
1148 1178 1342 1259 conposita
1371 1177 1462 1240 interne

330 1283 532 1367 dispositione
546 1284 702 1362 fallaciae,
718 1283 776 1348 sod
786 1282 962 1366 praeceptis
979 1277 1235 1365 euangelidrum
1253 1279 1462 1346 rationabiliter

328 1386 521 1452 confirmata
549 1406 611 1452 non
632 1386 804 1452 Athanasii
818 1385 942 1450 tantum
964 1385 1137 1468 negotium,
1163 1385 1234 1450 sed
1251 1384 1367 1448 multa
1381 1381 1461 1446 ahai

216 1479 227 1502 ’
325 1490 466 1555 medium
480 1490 643 1565 uenerunt,
665 1490 794 1572 propter
811 1507 892 1570 quae
907 1488 1075 1553 concilium
1091 1488 1165 1552 lieri
1190 1485 1477 1552 mansuetudinem

326 1593 416 1658 tuam
436 1592 558 1658 fueram
580 1591 777 1675 deprecatus,
801 1593 836 1655 ut
858 1592 930 1656 ante
952 1591 1064 1667 omnia,
1089 1591 1179 1673 quod
1206 1590 1404 1674 specialiter
1423 1608 1459 1669 cp

326 1698 376 1760 tat
395 1695 511 1761 montis
531 1697 606 1761 tuae
629 1713 706 1778 erga
728 1695 822 1760 deum
845 1694 967 1760 sincera
990 1693 1126 1773 deuotio,
1158 1713 1244 1758 cnm
1279 1693 1364 1758 fidei
1390 1710 1458 1755 caua

326 1798 359 1864 in
382 1818 444 1881 qua
457 1801 558 1881 prima
572 1800 662 1865 nohis
677 1817 749 1880 spos
764 1799 814 1864 est
828 1799 870 1862 ad
885 1799 978 1863 deum
995 1797 1164 1880 diligenter
1179 1797 1314 1862 fuisset
1335 1797 1456 1860 tractae

326 1903 492 1989 neg<otia>
518 1921 625 1967 eorum
647 1903 700 1984 qui
714 1903 855 1969 nostram
876 1903 962 1967 circa
985 1903 1077 1968 doum
1094 1901 1354 1968 obseruantiam
1375 1897 1456 1962 mind

327 2005 444 2071 dehent
464 2006 593 2088 possent
614 2005 706 2070 finiri.
736 2005 769 2070 et
799 2005 927 2089 dignum
955 2005 1058 2070 linerat
1085 2005 1136 2069 dei
1168 2005 1319 2082 cultore,
1353 2003 1471 2084 dignene·

326 2109 456 2192 imperio
478 2111 533 2173 tuo
550 2108 634 2190 quod
656 2108 773 2174 Christi
785 2108 1047 2204 difliiitfflglillr
1064 2108 1096 2171 et
1118 2108 1264 2190 augetur
1291 2105 1454 2188 specialiter

326 2215 385 2279 hoc
407 2213 511 2296 ipsum
533 2229 587 2294 pro
610 2211 789 2276 reuerentia
811 2212 938 2276 sanotae
954 2211 1124 2292 religionis,
1148 2211 1203 2274 cui
1220 2210 1402 2292 prudenter
1420 2207 1452 2269 in-

326 2316 432 2380 tentus
455 2334 499 2394 es,
515 2313 716 2380 clementiam
726 2314 814 2378 tuam
829 2314 917 2380 nobis
934 2314 1067 2378 adhaec
1083 2313 1283 2395 inpetranda
1299 2312 1451 2394 praestare

370 2417 435 2483 Sed
448 2417 542 2481 mnlti
565 2416 719 2482 ecclesiae
740 2418 884 2483 membra
903 2417 1046 2481 lacerare
1068 2415 1233 2494 festinant,
1267 2417 1329 2499 qui
1353 2414 1451 2479 conlin-

325 2522 500 2587 xeruntmo
514 2519 638 2585 litteras
652 2520 871 2602 suppressisse,
888 2538 926 2584 ne
939 2519 1069 2583 crimina
1085 2519 1152 2585 eius
1165 2539 1266 2602 quem
1282 2518 1469 2585 dicebantur

327 2624 555 2689 condemnasse
578 2622 662 2705 apud
685 2640 792 2687 omnes
806 2622 960 2705 paterent,
984 2624 1073 2705 quaa
1094 2622 1168 2687 illas
1183 2623 1321 2688 litteras
1346 2622 1450 2705 episco-

325 2746 437 2810 porum
459 2727 657 2793 orientalium
679 2727 713 2791 et
729 2726 964 2810 Aegyptiorum,
988 2727 1100 2809 quibus
1122 2727 1154 2791 in
1178 2728 1336 2792 omnihus
1359 2725 1449 2791 eaden

324 2830 357 2895 in
372 2828 580 2895 Athanasium
594 2829 725 2895 crimina
745 2831 991 2909 continebantur.
1016 2832 1049 2894 at
1070 2831 1147 2895 satis
1170 2831 1326 2897 omnibns
1349 2830 1448 2895 clarun

327 2933 376 2999 ost
411 2952 469 2999 nso
498 2933 665 3017 qnisquam
691 2933 788 3017 negat
819 2952 875 2999 nos
904 2933 1102 2999 orientalium
1128 2934 1257 2997 litteras
1290 2934 1448 3005 intimasse,

324 3034 442 3119 legisse
465 3036 629 3115 ecclesiae,
651 3022 769 3121 legisse
791 3038 924 3103 concilio
947 3038 1041 3121 atque
1066 3036 1206 3102 adhaec
1234 3038 1339 3103 etiam
1362 3037 1468 3101 oriens

325 3138 446 3205 talibus
459 3138 669 3223 respondisse,
693 3140 846 3225 qni<hus>
864 3140 961 3207 fidem
973 3141 1005 3205 et
1020 3141 1207 3207 sententiam
1230 3160 1299 3205 non
1322 3158 1448 3205 commo-

327 3240 473 3307 dauimus
500 3243 652 3321 nostram,
681 3243 767 3325 quod
789 3242 899 3309 eodem
926 3243 1066 3326 tempore
1093 3242 1208 3308 LXXV
1242 3244 1447 3325 opiscoporum

326 3342 550 3429 Aegyptiorum
566 3344 605 3409 de
620 3344 793 3409 Athanasio
807 3346 964 3411 sententia
978 3346 1183 3429 repugnabat.
1200 3366 1302 3429 quam
1321 3346 1448 3412 similiter

343 3563 345 3568 '
377 3564 486 3636 dieite*
509 3582 630 3621 necesses
650 3568 680 3631 V,
700 3564 811 3621 litteras
829 3568 910 3621 hodie
924 3568 1055 3636 perditos
1074 3583 1144 3635 precs
1163 3569 1315 3622 asteriscis
1334 3566 1447 3623 Macci

326 3650 455 3721 lepidast
472 3658 544 3707 recte
562 3652 738 3721 sccpplcac'tc
828 3653 965 3721 lsemper'
981 3654 1060 3706 uacat
1076 3670 1102 3716 o,
1126 3675 1252 3707 *erm
1274 3655 1304 3707 V
1387 3655 1445 3704 ire

323 3736 382 3789 tine
486 3737 771 3794 concrescerent.
789 3739 926 3793 mimae
1031 3738 1063 3790 14
1080 3738 1191 3807 negotia
1205 3739 1327 3807 scripsi,
1346 3755 1392 3791 nec
1411 3738 1444 3803 Vr,

326 3824 354 3876 et
371 3823 442 3877 cocci.
461 3823 594 3887 Porciae,
618 3825 682 3877 tunc
700 3825 772 3878 cosi.
791 3823 884 3879 Ooast.
987 3824 1021 3877 20
1038 3823 1228 3891 suppraessisse
1339 3823 1444 3877 dicebant

325 3907 392 3973 sort.
462 3907 494 3962 21
514 3908 720 3977 condempnasse
739 3911 804 3977 aput
873 3908 947 3978 quasi
959 3912 1002 3977 l:
1014 3908 1126 3975 soilimt)
1139 3924 1174 3963 ec
1185 3910 1245 3963 cod.
1265 3910 1343 3964 Pitle.
1362 3907 1442 3975 recept

326 4008 390 4061 quas
406 3994 453 4061 Vc,
471 4010 517 4063 per
529 3996 598 4050 cosi.
618 3994 699 4063 Let.,·
717 3994 788 4060 Quor
800 3994 860 4049 illas
872 3994 996 4061 litteras?
1005 3994 1201 4062 -Episooporum
1210 3995 1284 4049 dist.
1297 3996 1390 4049 Goecst.

324 4108 364 4166 22'
377 4087 524 4169 oridtalium
542 4116 570 4168 et
588 4096 757 4184 egyptiorum
853 4100 887 4170 23
906 4115 1006 4169 adeatis
1065 4115 1068 4119 ’
1109 4114 1144 4167 25
1163 4114 1249 4183 adque
1348 4114 1387 4167 ad
1401 4128 1438 4165 oa·-

326 4198 419 4254 Oocet.
502 4267 505 4273 Ι
523 4198 556 4253 26
575 4200 667 4269 quibus
686 4201 756 4255 coni.
775 4200 920 4269 Lartiadae,
940 4202 983 4271 qui
1004 4202 1051 4269 Vo,
1071 4201 1132 4269 quia
1149 4202 1183 4254 iii
1202 4201 1275 4255 coest
1295 4200 1386 4255 Oocctt

324 4284 358 4337 27
377 4285 513 4353 octoginta
531 4287 624 4341 Ooost.
1094 4285 1096 4291 ’
