3050 5000
319 358 360 410 De
377 374 431 411 non
447 358 579 426 parcendo
596 360 625 412 In
643 360 720 413 deum
738 360 960 430 delinquentibus.
1142 366 1205 431 225

83 551 112 616 si
133 550 215 614 mate
236 568 369 631 operam,
393 550 461 613 ima
482 551 518 614 ia
541 570 589 615 me
610 550 685 615 deas
707 551 842 617 dedisset
860 553 1049 637 modiatam,
1075 555 1131 619 sed
1146 574 1204 637 po-

82 655 143 720 tius
165 654 295 718 obsecro
318 652 430 717 uideas
453 653 580 735 captum
602 653 636 718 te
659 652 800 719 detineri
816 674 834 719 a
858 654 998 734 diabolo,
1029 658 1061 721 in
1085 659 1206 723 ciuste

85 760 196 840 degere
224 757 400 839 potestate,
431 756 525 821 sicuti
550 758 582 821 et
601 756 650 820 illi
672 775 774 839 reges,
800 775 932 840 quorum
956 778 1083 841 operam
1106 762 1205 825 iosias

82 854 263 945 persecutus
287 860 336 924 est
356 878 419 923 rex

59 991 71 1028 5
121 964 209 1028 VIII.
233 962 524 1045 Curblasphemias
549 981 729 1028 execramur
750 966 833 1043 tues,
858 984 914 1029 our
934 966 1152 1032 resistamus‘
1143 970 1205 1032 mi-

83 1070 149 1151 quis
172 1066 454 1149 conspirationibus
477 1068 551 1146 tuis,
579 1068 727 1132 uidemur
748 1068 806 1133 tibi
831 1088 900 1133 esse
922 1068 1072 1135 iniuriosi.
1104 1070 1148 1135 sic
1174 1072 1205 1134 et

82 1172 217 1249 Iudaeis,
241 1190 373 1253 quorum
390 1171 530 1235 Imitetor
547 1189 590 1249 es,
614 1172 803 1237 uidebantur
826 1172 1055 1252 contumeliosi,
1081 1174 1205 1256 superbi

82 1270 271 1341 sanctissimi
299 1276 470 1358 prophetea
499 1276 739 1360 beatissimique
772 1276 913 1357 apostoli.
948 1275 980 1339 in
1006 1278 1086 1343 libro
1109 1278 1205 1343 Amos

81 1379 265 1461 prophetae,
300 1384 329 1443 et
350 1381 453 1461 misit,
482 1378 600 1462 inquit,
630 1380 785 1445 Amostae
806 1382 951 1445 sacerdos
972 1382 1010 1445 im
1032 1381 1144 1447 Bethei
1166 1382 1210 1447 ad
1340 1452 1344 1461 ,

46 1502 70 1541 ιο
81 1483 270 1547 Hieroboam
298 1503 399 1566 repam
426 1483 531 1548 Israel
559 1484 685 1549 diceas:
717 1488 905 1549 adamatam
931 1486 1013 1567 facit
1038 1485 1208 1551 adaersam

82 1592 109 1649 te
129 1586 227 1650 Amos
254 1587 293 1650 irr
319 1587 426 1668 media
453 1587 695 1665 domo,1sraet;
728 1608 795 1652 aaa
819 1589 940 1668 poterit
967 1594 1054 1653 terra
1075 1586 1210 1668 sufferre

82 1690 175 1753 acrba
190 1691 267 1771 cias,
284 1695 419 1771 propter
440 1690 524 1771 qaod
544 1689 628 1755 haec*
642 1691 722 1755 dIcit
734 1692 853 1755 Amos:
874 1693 911 1756 ire
931 1692 1041 1776 phadio
1054 1693 1209 1757 mercetur

81 1794 284 1872 Hieroboam,
319 1794 423 1860 Israel
453 1800 558 1860 aatem
588 1796 737 1877 captiuas
764 1797 895 1863 dacetar
923 1818 945 1861 a
966 1802 1053 1863 terra
1074 1817 1145 1863 saa.
1181 1801 1210 1861 et
1341 1826 1351 1853 ι

81 1900 163 1963 dicit
183 1899 338 1964 Amasias
359 1900 403 1963 ad
418 1904 534 1965 Amos:
556 1901 646 1979 eade,
669 1898 791 1965 discede
812 1903 849 1964 ia
871 1905 990 1966 terram
1007 1900 1094 1965 Iada
1116 1905 1144 1965 et
1165 1899 1211 1964 ibi

47 2022 72 2060 15
82 2021 273 2066 commorare
293 2002 389 2067 etthi
403 2003 621 2085 prophetabis
657 2004 693 2068 ia
708 2003 822 2069 Betheh
845 2009 949 2068 catam
971 2004 1038 2067 iam
1060 2024 1127 2070 aare
1149 2003 1209 2068 ad-

83 2106 153 2169 icics
175 2106 382 2188 prophetare,
417 2106 493 2186 qaia
522 2106 734 2187 sanctificatio
763 2108 847 2189 repis
869 2110 964 2171 estet
986 2108 1097 2171 domas
1119 2108 1210 2191 repai

81 2210 146 2274 erit.
170 2213 203 2273 et
220 2208 382 2290 respondit
397 2210 495 2273 Amos
516 2213 547 2272 et
567 2209 651 2273 dicit
672 2210 717 2273 ad
730 2210 920 2275 Amasiam:
942 2230 1007 2275 mom
1023 2230 1111 2275 eram
1127 2230 1208 2292 pro·

77 2313 173 2395 pheta
195 2332 294 2394 rapae
314 2312 403 2393 pitias
420 2312 596 2394 prophetae
617 2332 688 2377 sam
710 2332 773 2397 epo,
798 2312 852 2377 sed
863 2318 976 2394 pastor
990 2333 1079 2378 eram
1093 2332 1209 2396 capra-

82 2437 152 2480 ram
180 2415 350 2503 aedicam,
385 2422 415 2481 et
440 2418 621 2500 adsumpsit
645 2437 695 2481 me
716 2416 865 2481 dammas
885 2418 922 2482 de
944 2415 1220 2482 adibas'et'diait'

46 2522 125 2586 mad
144 2539 214 2586 ma:
246 2521 329 2586 dade
351 2521 542 2604 prophetare
569 2523 608 2586 ia
634 2522 755 2604 plebem
783 2543 886 2586 meam
912 2519 1028 2586 Israel.
1067 2525 1096 2585 et
1123 2540 1211 2585 marie

82 2625 160 2688 aadi
180 2625 311 2689 arrham
333 2625 473 2690 domiai:
496 2630 531 2689 ta
551 2624 651 2692 dicis:
673 2646 739 2691 aare
756 2622 960 2708 prophetabis
982 2626 1019 2689 ia
1041 2624 1158 2709 Israel,
1182 2629 1210 2688 et

82 2747 146 2792 aaa
167 2729 407 2812 conprepabitar
428 2730 466 2792 ia
487 2730 576 2793 domo
598 2729 711 2794 Iacob:
725 2734 858 2812 propter
879 2729 934 2794 hoc
956 2727 1032 2792 haec
1054 2728 1132 2792 dicit
1154 2727 1209 2791 da-

82 2833 190 2896 mimrs
210 2833 304 2898 deris:
326 2853 407 2897 acor
429 2837 487 2897 tua
509 2835 545 2896 irr
567 2834 695 2899 cimitata
710 2835 873 2917 prostabit
895 2837 923 2898 et
937 2833 1001 2916 dlii
1015 2834 1065 2896 tm'
1080 2837 1108 2898 et
1121 2831 1210 2915 hiiae

83 2940 156 3000 tuae
178 2935 288 3019 praeeo
316 2936 473 3018 derideat,
507 2942 593 3003 terra
616 2941 673 3001 taa
693 2937 841 3018 famicato
864 2935 1033 3016 metibitar,
1068 2941 1096 3000 et
1118 2941 1153 2999 ta
1174 2934 1212 2998 irr

46 3054 69 3093 25
83 3042 168 3103 tarra
200 3041 361 3105 iamaada
388 3042 549 3126 morieris,
585 3042 690 3107 Israel
719 3047 826 3106 aatem
855 3041 1002 3122 captiaas
1030 3040 1161 3104 dacetar
1190 3059 1212 3101 a

84 3147 168 3208 tarra
190 3165 259 3210 saa.
299 3147 471 3210 cumbeec
496 3165 565 3211 csse
594 3145 680 3210 fecte
700 3146 820 3213 uideris
844 3147 883 3210 ab
907 3163 943 3208 eo
967 3143 1020 3224 qui
1043 3141 1210 3206 ueritatem

85 3245 365 3335 eteorr'eptionem
386 3252 501 3333 populo
524 3270 580 3315 suo
605 3251 720 3315 ementi
742 3249 888 3314 uoluerat
909 3247 1055 3325 nuntiari,
1080 3264 1135 3310 cur
1160 3244 1210 3308 di-

84 3371 136 3416 ces
154 3353 414 3433 nosinsolentes,
438 3373 495 3418 cur
517 3353 772 3432 contumeliosos,
798 3353 872 3436 quie
887 3369 968 3434 quae
987 3349 1060 3416 sunt
1076 3341 1210 3413 erratico

82 3455 139 3520 tibi
166 3473 245 3521 uere
273 3457 432 3536 dicamus,
467 3458 542 3540 quie
569 3476 629 3521 non
655 3457 743 3521 tuam
772 3455 937 3520 eridiamus
964 3466 1076 3519 uo'eem
1100 3452 1209 3517 dicen-

47 3559 164 3624 ³⁰temt
187 3560 286 3625 notite
306 3549 431 3625 credere
456 3562 553 3624 sirati
580 3560 781 3625 crediderant
803 3559 1014 3642 patriarchae
1038 3555 1212 3640 prophetae

84 3662 220 3743 apostati
240 3683 279 3728 ac
299 3669 465 3746 martyras,
491 3663 546 3728 sed
566 3663 681 3728 credite
703 3662 853 3744 paomodo
875 3663 1044 3727 tradiderit
1066 3663 1212 3727 Arrias‘?

83 3764 114 3828 iu
137 3767 252 3848 quibus
272 3768 368 3832 rebus
392 3766 474 3850 apud
495 3767 529 3831 te
552 3766 677 3849 superbi
699 3766 900 3832 inuenimun?
922 3765 1035 3831 nisi'in
1051 3765 1109 3829 hoe
1127 3761 1211 3846 quod

186 4007 202 4059 9
220 4006 300 4059 Amos
320 4007 344 4070 7,
364 4005 464 4058 10-1r

136 4228 317 4281 IimItetores
339 4229 371 4293 V,
389 4227 538 4313 Imitetores
557 4229 654 4289 estiso
724 4230 755 4283 ll
775 4231 803 4282 te
824 4231 855 4294 V,
874 4246 949 4282 meo
1019 4228 1052 4282 24
1070 4199 1230 4290 metebitur¹

83 4332 99 4369 a
167 4313 202 4367 32
219 4315 283 4383 aput

135 4416 219 4472 XIHI.
1078 4419 1110 4470 15
