3050 5000
213 375 215 379 ·
317 355 359 409 De
377 370 430 408 non
447 353 577 423 parcendo
595 355 626 407 in
643 352 719 409 deum
737 353 958 425 delinquentibus.
1131 356 1196 421 275

57 549 199 631 iaqueus
223 566 350 631 magua,
374 551 403 612 et
424 546 515 611 uisus
529 547 598 611 eius
612 547 718 611 maior
731 546 849 613 aeteus.
871 546 1027 632 eiciebam,
1050 552 1081 612 et
1093 568 1194 615 eoruu

61 650 153 715 iliud
180 649 317 732 faciebat
343 649 459 715 beilum
486 669 557 715 eum
584 651 706 715 sauciis
738 655 767 715 et
794 650 922 717 ualebat
952 651 1108 717 aduersus
1130 672 1191 738 eos,

61 756 272 840 quoadusque
294 753 426 819 adueuit
440 758 583 819 uetustus
597 754 733 840 durum,
755 759 786 818 et
800 754 957 821 iudicium
971 754 1057 821 dedit
1071 757 1193 825 sauctis

61 858 229 923 altissimi·
243 858 306 943 dei,
333 858 581 941 etautieiqauit
608 862 739 943 tempus,
774 863 803 922 et
830 878 963 943 requam
991 858 1194 925 obtiuueruut

38 963 185 1027 sunus.
209 965 240 1027 et
260 962 360 1027 aaa:
382 962 480 1027 bestia
502 966 621 1045 quarta
642 966 795 1045 quautam
816 983 949 1047 requam
963 962 1026 1027 erit
1045 963 1083 1026 iu
1097 967 1193 1045 turo,

62 1066 152 1148 quod
173 1066 319 1131 eminebit
342 1066 451 1132 omuia
472 1085 572 1149 reque
594 1069 625 1131 et
644 1066 854 1133 maudueabit
882 1085 1004 1131 omueue
1025 1070 1194 1133 terramet

62 1169 269 1244 eoueaueott,
285 1189 356 1248 eam
376 1173 407 1234 et
427 1170 577 1235 eoucidet.
612 1169 716 1234 decem
738 1188 860 1235 corsua
882 1171 958 1253 cius,
983 1172 1086 1237 decem
1106 1190 1192 1254 reqes

61 1278 246 1357 exsurqeut,
269 1277 298 1339 et
309 1277 383 1355 post
395 1292 446 1337 eos
459 1276 605 1355 exsurget
619 1272 706 1337 alius
720 1273 778 1355 qui
792 1273 955 1355 superabit
971 1274 1070 1339 maiis
1085 1293 1192 1341 omues

63 1379 123 1461 qui
146 1381 222 1441 aute
244 1397 315 1443 1111
336 1375 477 1459 fueruat,
501 1381 529 1441 et
544 1380 607 1441 tres
621 1375 756 1441 buuiies
769 1377 869 1458 faciet
883 1381 910 1441 et
925 1376 1021 1443 uerba
1036 1379 1192 1445 aduersus

38 1480 264 1545 stultissimum
280 1481 374 1545 deum
398 1482 542 1563 loquetur
562 1484 593 1544 et
612 1484 739 1545 sauetos
759 1479 912 1545 altissimi
933 1481 984 1546 dei
1000 1480 1189 1547 iuueteuabit

63 1588 95 1649 et
116 1584 305 1668 eaeoqitabit
327 1588 452 1651 muare
474 1588 614 1665 temporo
635 1589 663 1649 et
687 1584 794 1668 leqeue,
824 1584 1005 1663 otiabitur
1031 1585 1069 1649 iu
1089 1605 1193 1673 mauu

63 1689 136 1751 eius
170 1706 267 1769 usque
296 1687 339 1752 ad
368 1692 489 1769 templu
518 1691 692 1769 temporum
717 1692 747 1751 et
776 1674 954 1753 dimidium*
970 1690 1128 1769 temporis.
1163 1692 1191 1754 et

66 1792 226 1857 iudicium
246 1790 362 1857 sedebit
383 1795 414 1855 et
434 1810 566 1873 equum
580 1792 764 1873 trausferet,
781 1795 817 1855 ut
830 1792 1017 1857 eetermiuet
1037 1792 1194 1875 etperdat

64 1914 165 1977 usque
187 1895 230 1959 ad
251 1895 359 1977 duem,
388 1898 430 1959 et·
445 1914 577 1977 requusu
604 1898 632 1959 et
649 1899 791 1976 potestas
819 1900 848 1960 et
869 1896 1055 1979 uoquitudo
1082 1918 1192 1981 requae

39 1998 147 2063 ⁵data
170 2002 217 2063 est
236 1999 359 2063 sauciis
386 1997 539 2063 altissimi
564 1998 624 2063 dei.
655 2003 684 2061 et
710 2018 842 2082 reguum
864 2000 933 2065 eius
955 2002 1190 2083 sempiternum,

64 2107 93 2165 et
112 2122 222 2166 omues
243 2104 272 2167 ei
293 2103 434 2167 seruieut
454 2108 484 2166 et
505 2102 673 2169 oboedierit.

109 2205 227 2269 XXXI.
249 2206 429 2273 Debueram
445 2205 572 2288 quidem
586 2206 711 2270 tantum
724 2205 815 2269 illam
830 2207 952 2287 partem
967 2208 1086 2286 indere,
1111 2229 1191 2293 quae

64 2309 99 2371 te
123 2308 264 2372 declaret
285 2328 342 2391 per
365 2308 558 2388 uetustum,
581 2310 707 2403 cuinam
730 2310 773 2374 sis
797 2310 907 2375 similis
922 2312 1110 2389 bestiarum
1135 2313 1193 2377 sed

66 2412 103 2475 ut
126 2412 225 2476 scires
247 2413 280 2475 te
302 2413 335 2477 in
362 2412 419 2477 illa
446 2415 590 2495 gehenna
617 2413 766 2490 diturum,
795 2413 827 2476 in
857 2432 918 2495 qua
947 2415 1081 2479 bestiam
1103 2416 1191 2481 illam

39 2515 200 2580 omissam
228 2516 325 2582 reiert
352 2517 509 2599 gloriosus
536 2516 680 2596 Danihel,
710 2517 825 2582 uisite
848 2518 1029 2597 correxeris,
1055 2521 1087 2583 et
1101 2540 1189 2603 quo-

66 2618 162 2683 modo
185 2638 263 2701 quos
284 2620 482 2702 persequeris
508 2621 541 2683 in
573 2620 734 2685 aeternum
762 2621 826 2684 sint
852 2622 1012 2703 regnaturi
1040 2623 1072 2686 in
1094 2642 1191 2706 regno

67 2723 224 2787 conlocati
247 2722 373 2805 domim,
403 2742 464 2817 quo
488 2723 653 2788 aduertere
674 2741 794 2804 posses,
817 2724 894 2788 haec
919 2725 1023 2789 omnia
1046 2727 1190 2790 adnecti-

67 2845 147 2890 mus.
185 2827 262 2890 item
294 2825 334 2890 ad
362 2828 421 2891 hoc
445 2813 624 2891 uniuersam
646 2827 873 2893 reuelationem
896 2827 1003 2892 censui
1027 2828 1190 2910 adplican-

68 2928 152 3007 dam,
177 2949 237 3012 quo
259 2931 296 2996 tu
316 2930 441 2995 tibimet
463 2932 496 2994 et
517 2929 623 2994 saltim
638 2930 747 3013 legens
762 2929 947 2994 satisfacere
962 2949 1081 3012 posses,
1107 2932 1191 3014 quod

39 3033 152 3096 sonim
181 3051 237 3096 uos
264 3033 387 3116 tyranni
416 3033 633 3114 persecutores
664 3030 715 3096 dei
741 3031 902 3113 religionis
925 3033 1045 3098 bestiae
1069 3033 1190 3099 furentis

69 3135 163 3210 dicti;
197 3135 327 3218 cupiens
350 3136 466 3200 etenim
490 3155 560 3201 snm
580 3153 715 3218 purgare
739 3135 823 3217 apud
844 3137 934 3200 tuam
959 3137 1108 3202 infectam
1130 3157 1189 3201 ue-

68 3221 156 3302 nenis
172 3239 323 3302 Arrianae
340 3238 498 3321 dogmatis
521 3239 754 3317 conscientiam,
780 3238 863 3320 apud
884 3239 917 3303 11
933 3258 992 3303 non
1007 3239 1191 3322 religiosum
1279 3227 1281 3232 ’

70 3340 125 3404 sed
146 3342 308 3423 religionis
332 3340 576 3419 destructorem,
605 3360 740 3406 nonme
763 3343 799 3404 ut
822 3341 959 3406 adstruis
983 3359 1052 3406 csse
1076 3345 1190 3408 contu-

69 3443 244 3521 meliosum,
267 3444 343 3525 quia
366 3443 470 3507 dicam
480 3444 523 3507 te
546 3441 646 3511 feram
661 3443 797 3508 bestiam
812 3442 865 3532 uel
878 3443 1037 3510 inmanem
1052 3446 1189 3524 beluam,

40 3557 141 3610 scum
163 3545 274 3610 uideas
296 3547 341 3610 sic
364 3565 422 3610 uos
444 3546 591 3623 nocituri,
620 3545 707 3609 iuxta
734 3545 821 3608 faeta
849 3547 956 3611 uestra
982 3549 1071 3614 uobis
1096 3550 1191 3616 etiam

70 3650 195 3714 nomina
223 3650 390 3732 adplicata
426 3650 572 3732 ceterum
597 3650 727 3732 quartae
756 3649 842 3714 illius
870 3651 992 3716 bestiae
1020 3653 1052 3716 11
1081 3671 1190 3735 gerere

70 3751 315 3831 similitudinem,
338 3753 371 3817 to
393 3754 472 3817 haee
494 3752 626 3834 implere
649 3770 718 3816 esse
734 3752 914 3834 cupientem
930 3772 1010 3836 quae
1025 3755 1082 3842 illa
1096 3774 1190 3836 prae-

121 3937 134 3990 1
159 3938 299 3993 uidebatur
320 3944 387 4007 aute
409 3941 458 3994 boc
481 3940 597 3993 uerbum
621 3954 678 3991 uou
703 3940 881 4009 distiuqueus
905 3957 921 3993 c
1024 3941 1040 3992 2
1064 3941 1124 3994 illut

70 4025 87 4076 d
105 4025 237 4079 eminebat
253 4045 287 4081 ue.
305 4033 320 4081 1
414 4027 430 4080 'i
450 4025 588 4079 concident
606 4024 697 4079 decem
715 4042 736 4080 1.
756 4027 819 4081 eius.
838 4028 937 4082 Decem
955 4027 995 4080 eie
1014 4027 1193 4096 distiuqueus

74 4126 87 4161 o
153 4112 732 4182 91111113111111.1111111111911111
804 4112 836 4165 m
849 4129 937 4166 eorum
954 4127 1044 4180 regom
1056 4113 1121 4166 Lat.

72 4194 103 4247 16
120 4197 236 4250 seruiunt
253 4204 320 4253 111
408 4198 441 4252 18
459 4197 609 4253 declarato
706 4197 740 4253 26
757 4215 799 4252 me
817 4214 961 4268 purgares
1060 4199 1125 4265 aput

70 4279 102 4332 27
120 4283 248 4338 arrianis
316 4285 380 4352 aput

1035 4384 1089 4438 18*
