3050 5000
486 351 527 405 De
544 352 649 421 regibus
666 354 830 422 apostaticis.
1177 355 1220 422 53

96 546 175 610 hiae
198 563 235 608 ae
257 543 342 607 uitae
363 542 423 608 tibi
449 542 616 608 matonam
637 543 800 622 tributam,
828 543 953 626 quando
984 545 1028 612 sis
1050 544 1159 612 Achab
1187 545 1221 612 ia

98 647 243 712 omnbus
265 648 333 730 regi
356 647 478 726 similis,
501 646 559 712 sed
580 647 626 712 sio
645 648 708 713 'tihi
722 649 833 712 oohtra
847 648 961 715 merita
975 650 1032 714 tua
1047 650 1223 716 ohhihitana'

95 750 348 816 misericordiam
369 752 410 816 ah
435 770 481 829 eo,
505 770 599 834 quern
622 749 828 833 dereliquisti,
856 753 893 816 ut
914 751 1138 820 faesulanae
1161 771 1218 818 ea-

95 849 207 921 hibita.
232 855 259 919 si
282 855 365 918 enim
388 853 503 919 dixeris
524 854 690 936 propteroa
711 856 743 919 ts
766 855 892 920 uincam
917 856 1114 922 aduersarios
1135 855 1217 934 bros,

66 971 82 1009 ὁ
96 959 174 1040 quia
194 960 274 1023 hene
298 958 341 1022 sis
357 956 499 1035 eredens,
522 957 625 1038 potuit
642 957 674 1020 eb
688 955 799 1023 Achab
816 957 932 1024 dixisse
945 958 1102 1024 idolorum
1116 958 1218 1023 culter

96 1061 130 1125 et
152 1062 374 1144 prophetarum
396 1060 578 1125 sanctorum
592 1061 806 1142 interemptor.
846 1059 960 1126 adhoc
977 1071 1050 1145 ergo
1066 1062 1098 1128 te
1113 1080 1218 1128 rosere

94 1163 217 1241 uatum,
240 1165 277 1228 ut
298 1175 419 1228 errores
437 1163 615 1246 corrigeros
635 1164 718 1241 tuos,
741 1182 802 1228 non
824 1162 934 1230 uides?
968 1165 1041 1230 ilico
1062 1165 1099 1228 ut
1121 1173 1218 1230 ooth-

93 1267 181 1349 pasti
202 1266 338 1346 Italiam,
362 1265 532 1332 ecoleuam
554 1267 621 1332 eius
641 1265 806 1348 temptasti
828 1267 966 1344 dertusa
994 1268 1101 1334 haisti
1124 1269 1219 1333 deum

93 1371 220 1453 patrem
241 1389 303 1434 non
333 1387 402 1435 esso
428 1387 541 1435 nemra
567 1370 665 1435 deum
686 1370 820 1452 patrem,
847 1370 975 1436 unicum
1002 1383 1121 1454 deg'ans
1150 1373 1221 1440 eius

54 1473 207 1554 10fiiium,
238 1473 407 1538 adfirmans
434 1492 495 1538 non
526 1491 596 1538 esso
625 1473 715 1537 illurn
743 1478 854 1538 derum
882 1473 991 1542 filium.
1029 1475 1218 1542 adthbrieii

95 1577 194 1643 etiarn
217 1577 360 1642 sanctim
381 1577 578 1660 paracletum
601 1576 745 1659 spiritum
766 1576 955 1642 fabricatum
971 1597 1040 1644 esse
1055 1597 1093 1644 ex
1108 1579 1214 1658 nihilo,

95 1679 265 1746 defendere
287 1680 461 1763 temptasti,
485 1680 570 1763 quod
591 1679 703 1744 uncus
727 1679 779 1744 dei
801 1678 884 1744 lilius
907 1680 1002 1746 hient
1016 1681 1140 1766 quande
1155 1699 1217 1747 ron

92 1783 207 1859 fuerit3
231 1783 436 1866 apostolicam
460 1782 554 1865 atqrm
575 1781 794 1865 euangelicam
815 1781 1016 1848 traditionem
1039 1795 1100 1867 quo
1121 1784 1216 1867 potu·

91 1886 174 1952 isses
194 1886 307 1952 tollere
331 1905 348 1950 e
369 1886 485 1965 medio,
514 1903 641 1968 oporam
667 1885 744 1950 totis
766 1885 830 1949 tuis
854 1885 969 1952 dedisti
991 1887 1120 1966 dubus,
1152 1887 1216 1969 epi-

55 2001 80 2045 115
93 2008 207 2072 scopos
231 1991 282 2055 dei
303 1990 421 2055 iudicio
448 1989 608 2054 ordinatos
636 1989 695 2053 trra
721 1989 860 2054 amoueri
887 1989 995 2056 iecisti
1016 1990 1214 2069 austeritate,

92 2093 271 2159 haereticos
298 2093 379 2158 locis
401 2092 572 2158 eorundem
599 2092 837 2158 consttusndos
866 2093 990 2172 duxisti,
1020 2094 1073 2176 qui
1095 2092 1217 2176 possint

91 2197 180 2261 mam
210 2196 394 2279 praedicare
421 2199 603 2271 haeresem
635 2204 730 2259 manu
762 2195 893 2260 militari
925 2197 1072 2280 pugnasti
1106 2195 1216 2261 eontra

94 2300 264 2364 ecelesiam
278 2301 310 2364 in
327 2299 526 2379 Alexandria,
551 2298 810 2381 quamplurimos
825 2297 1042 2380 opiscoporum
1063 2297 1214 2381 relegasti

92 2401 123 2464 in
146 2403 258 2481 exiliis,
286 2403 318 2467 iu
345 2403 494 2480 metaliis,
526 2401 689 2466 comecisti
716 2400 748 2464 in
772 2407 940 2480 carcerem,
968 2401 1090 2465 cordum
1118 2401 1215 2466 etiam

55 2517 257 2571 ”numerum
284 2506 468 2571 interfecisti
498 2524 535 2569 ex
563 2504 707 2570 omnibns
737 2504 788 2569 dai
809 2504 994 2569 celantes.
1039 2512 1112 2569 curn
1133 2506 1213 2569 haee

94 2611 206 2693 egeris,
229 2611 335 2676 tamen
359 2609 453 2675 dicia:
476 2610 544 2674 atsi
565 2610 637 2673 heac
659 2627 754 2673 essem
776 2608 900 2689 sociem
923 2608 1093 2690 citatoque
1116 2628 1212 2673 caeam
1275 2598 1304 2666 is

93 2715 227 2792 credas,
251 2732 427 2796 aaoqaom
448 2712 551 2777 cauce
572 2730 621 2775 aaa
642 2711 717 2775 deos
739 2729 873 2792 reparare
897 2710 1099 2790 permitteret,
1127 2710 1213 2777 tam-

94 2833 186 2899 quam
215 2817 335 2881 idcirco
364 2816 396 2881 et
423 2815 510 2879 circa
532 2813 641 2879 Achab
672 2830 708 2877 ac
736 2812 860 2877 eeteros
889 2812 1110 2879 coidololatras
1138 2814 1211 2881 teos

93 2920 186 2984 fuerit
209 2921 288 2985 deus
309 2920 443 3001 patiens,
472 2918 547 3001 quia
573 2917 689 2981 henna
716 2917 838 2981 rectam
868 2915 1010 2981 tenentes
1039 2916 1133 2981 diam
1177 2918 1214 2983 tu

56 3025 81 3067 ²³
94 3036 175 3105 ergo,
202 3024 276 3106 quia
297 3023 340 3087 sit
361 3021 501 3104 peccatis
515 3020 581 3084 tuis
595 3020 719 3101 patiens
740 3036 796 3100 pro
813 3037 870 3084 sna
890 3018 1079 3101 iniatigabili
1093 3020 1211 3102 pictae

94 3126 184 3190 aienti
208 3125 302 3190 fuerit
325 3126 357 3189 et
378 3124 487 3188 Achab
509 3123 587 3205 regi,
612 3121 773 3187 arbitraria
796 3140 856 3185 non
878 3121 911 3184 te
935 3120 1125 3203 delinquere,
1156 3122 1214 3187 sed

92 3242 146 3308 pro
167 3228 289 3293 moritis
311 3227 375 3290 tuis
396 3225 456 3291 tihi
477 3225 575 3307 parci,
600 3242 695 3306 quom
706 3222 819 3286 Achab
836 3222 932 3287 etiam
946 3223 978 3287 in
993 3225 1051 3289 hoo
1066 3224 1210 3305 imitatis,

93 3331 175 3411 quod
197 3331 279 3394 euim
301 3330 346 3394 sis
369 3346 423 3393 eos
446 3327 580 3410 diligens
603 3327 656 3408 qui
677 3325 736 3389 tihi
758 3324 844 3389 maia
870 3324 1033 3404 suadeant,
1058 3344 1111 3391 eos
1134 3346 1210 3392 uero

92 3433 225 3513 perdens
253 3433 306 3515 qui
333 3432 392 3497 tihi
415 3430 526 3495 saluts
547 3430 623 3493 tuae
652 3445 750 3493 causa
774 3445 857 3509 quae
888 3428 960 3492 sunt
989 3448 1066 3493 uera
1094 3428 1210 3495 deant

1334 1264 1371 1354 Q

1325 1549 1374 1634 Q
1383 1545 1421 1636 af

55 3534 128 3598 ⁸⁰ut
153 3537 237 3600 enirn
266 3534 307 3599 ad
335 3535 445 3599 Achab
474 3531 694 3617 quadringenti
720 3530 768 3594 iili
801 3530 1092 3614 pseudoprophetae
1127 3532 1211 3616 quod
1316 3562 1343 3594 ,s

92 3638 218 3717 possent
238 3637 329 3701 illum
352 3635 457 3700 omnia
477 3634 582 3700 felicia
604 3632 753 3715 consequi
768 3632 986 3715 loquebantur,
1011 3635 1120 3699 eontra
1134 3652 1210 3701 uero

93 3737 144 3802 dei
166 3739 293 3806 dicebat
314 3738 465 3821 propheta
480 3737 653 3814 Michaeas,
677 3734 762 3818 quod
779 3734 883 3798 essent
897 3734 987 3799 illum
1002 3737 1117 3800 cuncta
1131 3755 1209 3801 con-

93 3843 239 3906 secutura
260 3842 354 3920 mala,
385 3841 418 3904 et
445 3839 500 3903 ille
527 3838 630 3921 magis
659 3836 814 3920 diligebat
842 3854 895 3901 eos
922 3837 1212 3921 pseudoprophetas

140 4094 157 4146 2
174 4096 299 4150 exibitam
384 4097 546 4151 denarum
568 4098 621 4165 Vo;
639 4112 687 4150 aa.
708 4096 799 4149 Titias
875 4095 1043 4163 loonigeris
1117 4095 1133 4148 9
1153 4093 1210 4149 eius

91 4191 188 4247 rogans
200 4197 216 4235 o
285 4182 318 4235 15
334 4180 430 4235 iuditio
442 4182 501 4249 fere
513 4197 618 4251 semper
686 4182 872 4235 auowritatem
942 4180 973 4233 17
985 4179 1114 4233 haeresim
1125 4196 1141 4233 o

92 4260 124 4317 23
141 4266 324 4321 coidololatras
341 4285 357 4322 o
425 4266 459 4321 26
477 4267 543 4321 acha
611 4266 645 4319 32
662 4266 778 4321 micheas
