3050 5000
427 389 591 442 Moriendum
611 406 667 442 esse
684 405 731 458 pro
750 389 793 442 dei
811 389 875 442 filio.
1152 391 1214 457 309

74 578 251 641 aestimati
274 596 383 640 suenus
404 582 440 640 ot
457 587 528 642 oues
543 577 723 656 ooolsioni3;
746 578 778 640 et
792 579 827 641 tu
845 573 1045 642 Constantius
1062 577 1213 641 Arrianae

75 677 289 742 idololatriae
316 681 514 760 mancipatus
547 680 668 745 interea
700 681 888 762 imperator,
923 682 1061 763 metuite,
1098 675 1211 762 inquis,

74 782 250 862 frendores
277 783 522 847 recrudescentis
551 784 587 846 e'a
613 788 755 846 nostrone
784 803 886 848 necem
908 773 1062 848 ‘insooioe'
1079 803 1164 848 oneue
1187 790 1214 847 el

76 888 180 948 estote
203 903 322 948 meeum
343 889 517 966 apostatae.

46 1007 62 1045 5
125 987 204 1050 XII.
243 988 330 1052 Haeo
361 988 492 1052 audiens
520 1006 580 1051 uon
609 987 791 1052 uulneribus
819 988 883 1054 tuis
911 988 1030 1052 mederi
1059 987 1123 1065 uis,
1158 987 1213 1052 sed

75 1090 192 1171 magis
214 1090 318 1172 pergis
341 1109 436 1154 oaeeo
467 1091 498 1153 et
525 1090 737 1154 inrationabili
766 1091 868 1154 l'urere
898 1090 1022 1155 illorum
1052 1089 1212 1168 instinctu,

79 1191 140 1273 qui
164 1193 381 1257 insinuantes
404 1193 597 1257 mentituae
622 1195 654 1256 et
680 1193 833 1274 instigant
860 1193 1001 1257 nescium
1029 1192 1143 1258 furore.
1181 1192 1214 1257 hi

79 1295 161 1358 sunt
186 1295 321 1376 spiritus,
347 1296 459 1376 quibus
481 1296 526 1369 tu,
551 1294 635 1377 quod
658 1294 710 1358 dei
725 1296 852 1359 unicum
866 1295 966 1359 filium
981 1313 1087 1378 neges,
1112 1295 1212 1358 saorl-

78 1397 185 1461 fioare
202 1398 383 1477 dinosceris,
409 1399 463 1480 qui
478 1400 553 1480 quia
566 1417 621 1480 per
637 1417 670 1462 se
686 1417 799 1462 nooere
822 1399 910 1463 nobis
933 1398 1010 1462 nihil
1027 1398 1157 1479 possunt
1172 1434 1213 1444 -

37 1523 66 1560 ιο
78 1501 281 1583 protegimur
294 1502 376 1566 enim
392 1501 606 1583 magnitudine
624 1500 673 1565 dei
690 1539 731 1548 -
746 1520 802 1582 per
816 1503 849 1564 te
865 1519 920 1565 nos
937 1501 1107 1566 satellitem
1123 1519 1213 1564 suum

79 1606 318 1687 persequuntur
347 1625 425 1687 quos
454 1605 514 1669 sibi
548 1605 691 1670 inimicos
725 1624 794 1669 esee
823 1605 1042 1670 infestissimos
1077 1603 1213 1667 sentiunt

83 1709 296 1790 exercentque
324 1729 380 1791 per
408 1709 441 1772 te
472 1709 643 1772 amatorem
670 1727 761 1772 suum
785 1709 951 1773 saeuitiam
974 1726 1068 1788 quam
1090 1707 1212 1770 uiolen-

82 1811 212 1875 tissime
234 1812 374 1893 possunt,
403 1805 618 1876 existimantes
640 1812 821 1875 interuentu
842 1813 897 1875 tuo
920 1809 1075 1875 osrnifiois
1099 1827 1132 1872 se
1155 1827 1213 1872 no-

83 1913 187 1977 stram
220 1914 393 1979 uiolaturos
426 1914 531 1980 fidem.
576 1914 718 1978 doetrina
751 1921 936 1978 cunctarum
970 1915 1019 1977 est
1053 1930 1213 1976 sacrarum

40 2033 70 2073 15
85 2016 315 2098 seripturarum
335 2019 367 2082 in
392 2019 442 2080 dai
464 2018 565 2081 filium
587 2017 716 2080 eredere
742 2017 875 2100 primam
903 2016 935 2080 et
963 2017 1213 2080 consummatam

86 2137 158 2185 esse
181 2122 344 2185 iustitiam.
372 2122 443 2185 hino
468 2122 517 2185 est
540 2120 624 2203 quod
644 2122 678 2184 te
700 2121 785 2184 uioto
810 2120 1041 2202 quaestionario
1063 2119 1112 2182 illi
1134 2118 1212 2181 dae-

84 2244 197 2290 mones
218 2226 251 2288 in
272 2227 305 2289 te
327 2225 510 2303 uincantur,
541 2225 615 2306 quia
643 2225 809 2289 uictoriam
832 2243 891 2288 non
915 2225 1091 2287 nostrorum
1113 2220 1212 2302 fragi-

85 2329 166 2392 lium
184 2330 274 2394 nobis
295 2331 437 2411 praestet
452 2348 616 2411 corporum
638 2329 749 2407 uirtus,
774 2328 831 2392 sod
854 2327 939 2391 illius
961 2326 1138 2390 elementia.
1157 2325 1213 2388 ille

88 2432 207 2496 suffieit
233 2434 333 2512 uires,
367 2435 403 2496 ut
429 2434 510 2498 inter
539 2451 629 2498 omne
651 2433 725 2495 tuae
748 2430 949 2494 carnificinae
970 2428 1214 2493 instrumentum

43 2548 74 2587 20
90 2536 237 2600 duremus
266 2537 447 2614 inmobiles,
478 2538 512 2601 ut
540 2557 599 2602 non
623 2536 783 2601 doloribus
807 2535 988 2611 uulnerum,
1015 2551 1076 2599 non
1097 2533 1213 2597 iotibus

90 2641 308 2719 quaestionum
330 2639 512 2722 frangamur
535 2640 591 2704 sed
613 2640 717 2722 potius
748 2639 920 2721 erigamur;
954 2637 1025 2701 hinc
1049 2656 1142 2701 uerus
1166 2637 1214 2701 ost

92 2742 143 2805 dei
165 2743 277 2821 oultus,
299 2744 332 2806 in
356 2762 416 2825 quo
438 2745 562 2808 mentes
586 2744 755 2807 colentium
779 2743 914 2824 seipsas
931 2740 1213 2805 deoinmaoulatas

90 2846 236 2909 uictimas
263 2847 387 2910 sistunt.
426 2847 459 2910 et
486 2847 648 2912 arbitraris
676 2846 726 2909 dei
751 2864 821 2910 esse
846 2846 1002 2909 eultorum
1025 2861 1213 2926 quemquam

90 2948 157 3010 tam
179 2966 307 3030 segnem
330 2968 366 3013 ao
390 2950 554 3026 stolidum,
589 2952 705 3014 utnon
728 2950 818 3013 illum
843 2949 934 3012 ardor
955 2948 1036 3011 tanti
1059 2946 1212 3028 cupidinis

49 3062 78 3101 2⁵
94 3052 206 3114 excitet
233 3052 264 3115 et
279 3070 339 3116 non
355 3054 465 3130 armet,
489 3072 548 3117 non
572 3054 712 3135 instiget,
736 3072 796 3117 non
820 3051 970 3128 stimulet,
995 3070 1054 3115 non
1079 3049 1212 3130 denique

91 3155 154 3218 illis
175 3156 296 3220 lacibus
320 3158 434 3221 amoris
455 3157 643 3234 inflammet,
674 3157 787 3239 quibus
811 3156 884 3219 sunt
906 3155 1006 3218 saneti
1028 3152 1213 3217 inflammati

92 3261 258 3341 prophetae
286 3260 419 3340 apostoli
448 3278 484 3323 ac
513 3262 686 3344 martyres?
724 3278 833 3341 quem,
862 3260 1006 3339 inquam,
1037 3256 1212 3320 nostrorum

94 3381 152 3425 non
177 3362 318 3443 inpingat
348 3363 469 3426 animus
498 3364 579 3426 inter
607 3383 718 3427 manus
748 3346 987 3426 tuas'erudeles
1009 3378 1064 3441 pro
1089 3359 1211 3424 Christo

94 3464 246 3529 interfici?
275 3484 368 3547 quem
397 3465 438 3528 ad
467 3467 607 3549 martyrii
637 3466 769 3547 gloriam
794 3466 826 3528 et
848 3464 986 3526 eulmina
1007 3481 1067 3526 uon
1089 3462 1213 3525 tantum

53 3586 149 3649 asper
168 3569 244 3631 haee
274 3586 354 3649 quae
380 3568 416 3629 tu
442 3567 617 3645 ministras,
653 3568 709 3631 sed
737 3568 834 3631 etiam
862 3584 918 3647 per
948 3564 1125 3628 crudeliora
1153 3582 1212 3628 non

95 3671 251 3753 peruenire
273 3671 406 3752 urgeat?
429 3671 542 3751 quippe
565 3689 637 3734 oum
658 3671 752 3733 l'aeile
777 3670 961 3751 superentur
977 3669 1033 3731 tua
1049 3667 1211 3749 supplicia,

145 3876 351 3930 lidololatriam
372 3878 403 3939 V,
422 3894 504 3930 eoae
589 3877 706 3931 6iurere
725 3880 836 3947 scripsi,
854 3876 940 3930 furore
962 3876 1000 3930 Vo
1096 3872 1213 3926 lfurere

98 3964 162 4019 coni.
175 3964 309 4016 Latinius
377 3963 406 4015 hi
418 3965 479 4015 sunt
491 3963 602 4030 scripsi,
620 3962 661 4014 his
677 3964 724 4025 Vo,
742 3964 770 4015 hi
782 3965 852 4017 corsi.
865 3963 1002 4017 Latinius
1071 3962 1087 4014 8
1106 3961 1212 4029 spiritus

97 4052 155 4101 sunt
171 4050 238 4103 oout.
251 4049 388 4102 Latinius
456 4049 540 4102 furere
558 4049 599 4100 his
617 4049 753 4115 spiritibus
772 4052 841 4103 conl.
855 4048 941 4103 Ooleto‘
960 4048 1139 4101 distinetione
1152 4063 1213 4099 eum

97 4136 235 4189 osobloto
306 4136 337 4188 12
350 4134 555 4188 uiolentissimae
626 4135 658 4187 16
671 4137 733 4203 quot
803 4132 1146 4203 repraesentaremus

93 4227 156 4289 post
171 4222 307 4275 elementia
326 4223 447 4275 distinet
551 4223 583 4275 19
602 4228 677 4275 omne
781 4222 814 4275 23
834 4238 958 4291 qusquam
1067 4219 1102 4271 24
1119 4220 1212 4271 tantae

99 4315 227 4377 exspectes
246 4311 319 4376 qood
338 4311 475 4363 Latonius
494 4311 604 4363 inuenit
673 4309 705 4361 31
725 4310 824 4377 urgead
