3050 5000
423 374 465 427 De
483 377 575 427 sancto
592 374 740 428 Athanasio
758 375 826 428 liber
843 374 863 429 1.
1169 377 1207 440 77

81 583 153 630 osso
168 565 373 648 praeceperit.
389 570 419 630 et
432 566 492 630 erit
507 586 579 630 cnm
592 565 711 630 sederit
722 567 960 648 inprincipnto
972 586 1039 649 sno,
1052 567 1163 632 scribet
1179 569 1209 633 ei

81 669 352 734 deuteronomium
373 668 429 734 troc
450 671 487 735 in
510 669 589 734 roro
612 674 686 733 onte
706 669 879 736 sacerdotes
902 675 929 734 et
951 669 1074 755 tenitas,
1097 674 1211 736 eterit

82 792 155 836 enm
176 773 255 856 ipso,
278 775 308 836 et
328 772 435 854 tenetis
457 774 607 837 eiomnes
620 772 688 836 does
702 774 789 837 nitoe
805 774 881 857 eins,
906 777 942 836 nt
957 773 1084 838 discant
1098 775 1210 839 timere

82 875 248 938 dominnm
280 875 373 939 denm
409 879 515 956 tnnm,
551 875 706 940 custodire
739 876 849 940 omnio
882 876 1041 940 mondoto
1073 876 1148 942 hoec
1182 882 1211 940 et

47 1008 66 1047 5
83 977 326 1059 iustificationes
340 975 400 1040 teos
413 977 526 1061 faeere,
547 983 582 1041 nt
596 997 660 1041 non
675 978 849 1043 eetottotnr
864 998 916 1044 eor
930 980 997 1042 eins
1015 999 1036 1042 o
1051 979 1210 1060 fratribus

83 1080 153 1144 eins
175 1084 204 1143 et
226 1099 292 1144 non
319 1080 578 1163 transorediotnr
604 1101 627 1144 o
655 1080 821 1146 mandatis
850 1083 962 1146 deotro
985 1087 1042 1148 ont
1063 1083 1209 1165 sinistro,

83 1187 122 1246 nt
142 1181 320 1266 tonoitnrni
342 1184 492 1263 temporis
513 1185 555 1248 sit
577 1184 614 1247 in
630 1186 826 1266 principato
847 1205 903 1250 sno
925 1185 993 1266 ipse
1014 1190 1043 1249 et
1056 1186 1121 1267 sotii
1143 1188 1211 1252 eins

83 1305 156 1349 enm
177 1286 248 1366 ipso
269 1286 307 1350 in
319 1284 400 1368 filiis
413 1284 527 1350 Israel.
551 1285 627 1368 quid
648 1287 684 1350 tn
707 1286 887 1352 huiusmodi
910 1288 1008 1352 hebes
1030 1287 1089 1354 nisi
1106 1290 1213 1354 omnia

85 1389 251 1466 contrarie,
275 1388 336 1454 nisi
358 1388 475 1452 cuncta
495 1407 576 1470 quae
600 1389 651 1453 dei
672 1390 846 1472 inpugnant
876 1390 1025 1460 domum?
1052 1393 1152 1474 primo
1177 1412 1212 1457 cs

33 1524 66 1562 ιο
84 1492 273 1569 haereticus,
304 1491 418 1556 deinde
446 1493 628 1576 perseeutor
651 1491 702 1556 dei
725 1492 985 1568 domesticorum
1019 1497 1148 1561 conatus
1177 1515 1212 1562 es

86 1595 270 1660 annonario
299 1595 340 1658 ad
366 1594 575 1660 Athanasium
601 1595 825 1677 iugulandum,
861 1597 1023 1679 tamqnam
1052 1599 1079 1663 is
1107 1600 1210 1677 homo,

86 1699 141 1781 qni
162 1717 223 1763 non
237 1698 418 1764 memineris
434 1699 604 1780 scriptum:
627 1701 657 1764 si
679 1699 779 1780 fcerit
794 1699 884 1765 tomo
903 1701 1013 1765 odiens
1024 1703 1211 1781 proeimnm

85 1806 115 1865 et
144 1801 324 1867 insidiator
352 1821 424 1874 enm
450 1807 479 1866 et
507 1803 681 1868 corroserit
708 1803 745 1867 in
774 1823 845 1868 enm
873 1807 902 1868 et
924 1805 1121 1885 percusserit
1142 1823 1212 1870 enm

85 1905 198 1969 onimo
221 1908 250 1967 et
271 1907 415 1968 mortuns
429 1904 529 1986 fcerit
550 1910 579 1969 et
592 1905 714 1987 fecerit
725 1906 764 1968 in
779 1925 880 1969 onom
896 1906 1067 1970 cinitotnm
1084 1906 1213 1990 omnm,

33 2037 67 2077 15
84 2008 214 2072 mittent
226 2007 364 2071 seniores
379 2007 523 2072 cinitotis
538 2006 639 2091 illios,
655 2009 856 2088 etoccipient
871 2028 941 2072 enm
956 2009 1032 2074 inde
1043 2014 1074 2074 et
1084 2011 1214 2076 tradent

83 2132 158 2176 enm
185 2111 223 2175 in
249 2130 367 2176 monos
393 2109 627 2190 eeqnirentinm
653 2112 858 2194 sononinem,
888 2115 917 2176 et
942 2114 1103 2182 morietur.
1148 2133 1212 2178 non

81 2233 198 2296 parces
220 2213 308 2279 oento
331 2217 384 2277 tno
399 2232 496 2293 snper
512 2233 583 2276 eom
599 2217 630 2277 et
643 2213 814 2278 mnndobr's
830 2216 1018 2298 sononinem
1032 2216 1213 2282 innocentis

85 2317 227 2398 emittis,
251 2322 281 2382 et
301 2317 374 2382 bene
397 2315 456 2380 tibi
478 2318 548 2401 erit,
574 2317 762 2381 etiterum:
785 2337 851 2382 non
873 2318 1014 2383 monebit
1029 2321 1114 2384 testis
1129 2341 1215 2386 onos

82 2420 125 2485 in
146 2421 398 2504 testificationem
420 2419 576 2484 aduersos
590 2420 749 2485 hominem
762 2423 937 2486 secondom
952 2441 1075 2486 omnem
1089 2423 1214 2505 im'qni-

33 2552 67 2593 20
84 2528 184 2589 tatem
205 2528 237 2589 et
255 2523 428 2590 secondom
450 2544 541 2589 omne
559 2529 724 2605 peecatum
746 2527 960 2607 qnodcnnmne
982 2531 1143 2608 peccator.
1177 2530 1215 2593 in

84 2647 140 2692 ore
161 2628 297 2693 deornm
319 2628 443 2692 testinm
466 2632 525 2691 ont
546 2628 647 2692 trinm
669 2627 766 2693 stabit
788 2630 893 2693 omnis
915 2648 1026 2697 sermo.
1057 2630 1085 2693 si
1108 2636 1214 2697 notem

85 2730 208 2795 steterit
230 2730 317 2795 testis
339 2730 482 2795 iniustos
505 2730 663 2795 odnersns
684 2730 843 2795 hominem
865 2731 1034 2797 detrahens
1049 2734 1077 2797 ei
1092 2734 1212 2815 iniqni-

86 2836 197 2915 totem,
230 2833 360 2897 stabunt
388 2835 451 2899 dno
480 2832 637 2911 homines,
671 2834 784 2915 onibus
812 2838 858 2897 est
884 2835 966 2915 ipsis
994 2838 1214 2922 contradictio,

86 2941 163 3001 erote
189 2937 353 3001 dominnm
379 2941 408 3001 et
435 2940 510 3001 onte
543 2936 732 3001 sacerdotem
769 2941 798 3001 et
826 2937 863 3001 in
895 2941 1060 3019 consperto
1093 2940 1215 3005 indicis

37 3069 69 3110 2⁵
84 3041 276 3123 qoicnmqne
296 3038 395 3119 fcerit
416 3045 454 3101 in
474 3039 583 3104 diebos
604 3038 683 3104 iltis.
718 3041 749 3102 et
775 3039 1016 3123 interroyobrmt
1044 3041 1215 3125 ditiyenter

84 3143 218 3227 indices,
242 3146 273 3207 et
292 3162 357 3207 ecce
378 3142 466 3207 testis
486 3142 626 3206 imnstns
647 3142 834 3223 testificatos
848 3148 893 3207 est
915 3144 1040 3225 intono,
1064 3146 1215 3209 resistens

86 3246 246 3311 odoersos
267 3244 405 3326 fratrem
424 3264 527 3322 soom,
550 3248 581 3309 et
599 3245 696 3326 facite
718 3246 757 3324 ei,
781 3245 1046 3326 quemadmodem
1067 3248 1216 3327 nequiter

85 3350 154 3432 ecit
179 3348 284 3431 facere
311 3347 467 3411 edncrsns
493 3346 631 3427 fratrem
659 3366 762 3429 somn,
794 3351 823 3411 et
850 3346 974 3426 anseres
1001 3348 1149 3429 iniqnnm
1177 3370 1216 3415 er

85 3452 180 3517 mobis
200 3452 290 3533 ipsis.
336 3454 367 3515 et
393 3450 486 3515 ceteri
513 3449 678 3513 ordientes
705 3448 866 3528 timdmnt,
902 3454 932 3514 et
959 3470 1025 3514 non
1052 3450 1218 3533 odponrnt

37 3583 70 3623 no
85 3555 232 3638 emptius
252 3556 357 3639 facere
377 3552 507 3617 nortem
528 3550 708 3634 motionum
729 3550 785 3616 doe
807 3552 844 3614 in
865 3552 963 3618 nobis.
1009 3573 1074 3618 non
1096 3574 1214 3635 porcos

85 3656 190 3739 ocutis
211 3658 276 3722 tnis
297 3676 392 3737 snper
411 3674 492 3736 emn,
516 3656 737 3736 commemoro
752 3656 874 3732 enimn,
898 3654 1021 3721 ocnmm
1037 3676 1101 3738 pro
1118 3657 1214 3735 cento,

84 3764 214 3829 dentem
229 3780 294 3841 pro
315 3760 416 3838 dente,
438 3776 572 3822 monnm
586 3777 650 3838 pro
671 3777 782 3839 omnm
803 3758 911 3839 pedem
933 3778 998 3840 pro
1014 3761 1102 3839 pede.
1143 3780 1215 3826 cnm

193 3913 207 3967 1
225 3914 305 3967 Dent.
325 3912 485 3976 17‚18-2o
554 3910 587 3964 12
604 3910 640 3966 ib.
659 3912 700 3975 19,
722 3912 822 3965 11-13
893 3911 925 3965 18
943 3911 978 3967 ib.
999 3913 1039 3975 19,
1059 3911 1159 3965 15-20

142 4035 157 4089 1
177 4034 274 4089 scribet
291 4034 402 4103 scripsi,
419 4032 504 4087 scribe
526 4034 564 4087 Vo
634 4033 659 4087 ei
676 4049 725 4087 om.
745 4051 761 4087 o
830 4032 1087 4087 ndenteronomium
1105 4036 1216 4105 ommni,

82 4122 287 4177 deuteronomio
309 4121 344 4189 V,
366 4121 396 4173 in
418 4118 613 4172 deuteronomio
635 4125 702 4173 onte
726 4121 754 4172 et
778 4120 828 4173 erit
850 4120 866 4174 t.
888 4125 904 4173 1
930 4121 1092 4187 trmrspom't
1115 4137 1144 4189 o,·
1171 4122 1218 4174 καὶ

83 4208 191 4276 γράψει
208 4204 283 4277 αὐτῷ
299 4204 330 4257 τὸ
354 4202 560 4272 δευτερονόμιον
582 4204 664 4257 cotto
688 4203 727 4264 sic
743 4204 847 4274 βιβλίον
865 4204 952 4258 LXX
1063 4206 1079 4257 3
1103 4206 1140 4258 eis
1163 4223 1216 4263 scr.

86 4328 180 4383 Coteti
249 4326 283 4380 20
300 4328 422 4395 peccator
490 4326 523 4379 25
542 4278 661 4395 quiidque
