3050 5000
444 388 611 445 Moriendum
629 406 686 445 osae
703 406 749 460 pro
769 390 812 443 dei
830 392 893 447 filio.
1170 392 1231 457 297

98 584 236 647 meror
272 579 305 644 et
341 580 372 645 si
400 578 558 643 terrestris
589 576 701 641 domus
729 577 830 641 nostri
867 576 1005 659 corporis
1034 577 1230 663 dissolutior,

96 685 244 751 caelestis
265 682 448 765 aedificetur
483 679 517 745 et
545 678 630 763 quod
649 679 754 761 positi
783 680 819 743 iro
842 699 969 761 corpore
986 682 1231 763 percontaremur

96 810 125 851 a
152 788 302 867 domiao,·
338 803 412 850 cnm
440 801 501 865 quo
532 781 673 865 apostolo
702 782 734 845 in
762 781 868 865 regnis
900 782 1089 847 caelestibus
1118 784 1230 848 uberes

94 890 215 955 laudes
236 887 353 953 referre
375 905 436 951 non
457 883 630 969 poterimus
655 883 723 963 deo,
747 884 807 947 nisi
829 885 915 967 prius
936 886 1037 950 morte
1054 886 1229 969 expugnata

58 1007 79 1047 ⁵
99 994 145 1059 ad
166 990 347 1057 inmortalia
368 986 522 1055 sumenda
543 986 684 1069 praemia
706 986 895 1051 uenerimus.
1016 1040 1022 1053 .

145 1097 199 1161 VI.
237 1096 338 1179 Igitur
367 1112 440 1158 curn
467 1110 524 1174 per
552 1091 584 1154 te
616 1090 769 1173 dissipata
797 1091 891 1173 atque
921 1092 1046 1173 penitus
1077 1092 1229 1157 dissoluta

94 1199 218 1265 iirerint
239 1215 371 1281 corpora
391 1195 509 1274 nostra,
532 1194 607 1258 tunc
630 1211 687 1259 nos
709 1193 928 1277 integerrimos
952 1213 1020 1259 esse
1041 1215 1227 1279 praesuma-

93 1322 188 1378 mus3
218 1320 292 1366 cnm
312 1319 368 1384 per
388 1300 422 1363 te
443 1316 528 1363 mors
549 1298 645 1362 fuerit
672 1297 786 1377 inlata,
815 1298 889 1361 tunc
913 1318 969 1363 nos
991 1300 1093 1381 magis
1117 1300 1227 1365 uiuere

92 1404 374 1489 posse'credimus.
406 1400 561 1485 quomodo
586 1400 688 1466 adhuc
710 1401 896 1483 praesumis,
921 1402 1084 1468 Constanti
1106 1405 1227 1471 interea

40 1522 76 1562 10
93 1509 281 1593 imperator,
298 1524 421 1589 semper
436 1502 656 1582 insulsissime,
681 1522 719 1568 ea
732 1504 875 1587 ingerere
892 1523 972 1587 quae
986 1506 1019 1569 te
1035 1506 1226 1588 extinguant,
1287 1529 1293 1541 ·

92 1632 157 1678 nos
185 1613 294 1677 eontra
320 1607 505 1674 uiuificent?
544 1607 583 1672 ad
615 1607 841 1696 ertinguendos
871 1627 927 1673 nos
955 1609 1038 1673 malo
1066 1629 1226 1693 prauoque

92 1715 230 1781 consilio
263 1714 408 1797 erigeris,
444 1712 533 1777 aetus
562 1730 595 1775 es
624 1710 715 1776 uelox
745 1712 786 1775 ad
818 1712 1037 1777 effundendum
1069 1714 1120 1778 dei
1142 1713 1226 1779 unici

90 1818 157 1883 filii
179 1835 340 1882 seruorum
363 1833 516 1893 cruorem,
538 1814 685 1897 ignorans
704 1815 788 1897 quod
804 1816 956 1899 sauguine
973 1820 1079 1881 nostro
1095 1818 1227 1901 patefiat

92 1923 233 2001 caelum,
258 1920 410 2003 sanguine
433 1919 539 1984 nostro
562 1918 724 2001 gehennae
749 1917 949 2001 extinguatur
972 1920 1072 1984 ardor.
1096 1922 1128 1985 te
1152 1940 1224 1985 sae-

43 2038 76 2079 15
93 2025 217 2091 culatis
238 2024 384 2104 ambitio,
407 2042 463 2089 nos
486 2021 635 2087 caelestis
659 2022 808 2086 admonet
828 2022 1029 2106 magnitudo,
1061 2025 1114 2106 qui
1137 2025 1224 2091 salu-

90 2129 165 2193 tem
185 2128 341 2193 timemus
371 2127 533 2193 aeternam
564 2124 718 2189 amittere.
758 2125 876 2189 seimus
904 2116 960 2191 uos
981 2146 1036 2209 pro
1062 2128 1121 2191 deo
1145 2128 1224 2193 mori

92 2230 230 2307 deber03
263 2231 299 2297 ut
321 2230 405 2296 enim
426 2230 475 2309 te,
509 2228 570 2293 nisi
594 2248 611 2293 e
633 2228 746 2292 castris
776 2228 892 2294 diaboli
924 2229 963 2293 ad
994 2231 1165 2295 exercitum
1192 2231 1223 2295 in

90 2331 288 2401 caelestibus
311 2335 424 2400 cestris
439 2331 646 2399 constitutum
660 2331 773 2396 feceris
789 2333 967 2413 transitum,
990 2334 1021 2397 in
1037 2333 1222 2415 perpetuum

93 2436 251 2505 detinebit
271 2438 353 2522 ignis
377 2437 460 2523 apud
481 2436 646 2514 tartarum,
670 2435 715 2500 aio
738 2433 804 2516 nos,
829 2436 855 2502 si
877 2436 949 2502 tuas
965 2430 1066 2503 minas
1081 2438 1221 2502 tormon-

43 2553 76 2594 20
90 2542 193 2626 taque
221 2544 278 2608 tua
306 2543 489 2626 spernentes
510 2540 636 2625 propter
660 2539 712 2603 dei
732 2540 870 2623 iugulari
893 2541 993 2606 filium
1015 2561 1071 2626 per
1093 2543 1125 2606 te
1149 2560 1221 2607 sae-

91 2645 260 2712 uissimam
287 2646 387 2711 feram
413 2646 634 2727 inmanemque
664 2644 791 2709 beluam
820 2645 1041 2726 maluerimus,
1075 2647 1221 2714 incaelo

92 2751 214 2816 erimus
240 2750 427 2834 gaudentes.
469 2750 552 2814 beuti
579 2747 662 2812 enim
690 2749 747 2830 qai
768 2751 1017 2830 persecutionem
1043 2752 1222 2833 patiuntur

83 2860 225 2954 propter
246 2856 417 2934 iustitiam,
440 2855 593 2936 quoniam
614 2853 757 2936 ipsorum
779 2856 825 2916 est
845 2874 977 2937 requam
993 2856 1167 2936 cceleram;
1190 2856 1222 2920 et

91 2976 157 3022 non
181 2957 274 3022 dixit:
296 2958 379 3024 tecti
400 2959 457 3040 qai
473 2958 721 3039 potenttiorem
742 2956 879 3038 facient.
910 2957 1080 3022 Christiani
1104 2958 1220 3024 scimus

46 3074 77 3116 2⁵
93 3060 139 3125 ad
162 3061 220 3125 hoc
242 3080 299 3126 nos
322 3058 439 3125 Christi
460 3059 562 3124 factos
583 3058 711 3137 milites,
735 3060 771 3122 ut
792 3059 907 3124 iniusto
930 3061 994 3124 ate
1010 3061 1127 3126 indicto
1143 3061 1220 3126 belli

92 3182 208 3247 campo
237 3164 350 3229 ducem
380 3162 522 3228 nostrum
549 3161 700 3247 confessi,
737 3181 798 3244 qno
831 3162 988 3244 possimus
1016 3164 1219 3228 uictoriarum

91 3268 271 3350 triumphos
292 3266 397 3350 potiri,
419 3265 590 3331 moriamur
613 3265 741 3342 armati;
764 3265 836 3329 hino
860 3266 948 3332 nobis
972 3269 1087 3350 quanto
1103 3270 1218 3350 saeuis,

90 3371 185 3436 tanto
212 3373 245 3435 et
270 3370 453 3436 elementior
483 3369 616 3449 uideris,
651 3387 723 3433 oum
748 3368 926 3434 interficere
949 3369 1161 3436 Christianum
1184 3391 1218 3438 se

90 3473 297 3539 confitentem
324 3473 472 3556 dignaris.
510 3473 542 3538 in
570 3473 629 3538 hoc
659 3490 734 3538 uero
763 3472 1027 3539 sceleratissimus
1056 3475 1217 3555 iudicaris,

48 3577 180 3660 eoquod
208 3578 266 3643 sub
301 3577 405 3659 specie
441 3575 619 3642 dilectionis
653 3577 686 3642 et
712 3576 875 3646 consulere
906 3577 1059 3659 cupientis
1089 3578 1129 3644 ad
1161 3597 1217 3644 nos

91 3678 267 3746 blandiaris
290 3679 481 3759 deiciendos,
503 3681 667 3763 tamquam
689 3679 767 3745 utile
790 3681 832 3746 sit
853 3681 942 3747 nobis
966 3701 985 3745 a
1006 3683 1038 3746 te
1062 3682 1100 3748 de
1116 3682 1217 3766 gradu

196 3920 408 3991 111001.s,1
478 3920 629 3986 arnse
698 3921 890 3987 aenaeae,
913 3924 944 3977 ro

124 4115 349 4217 2peregrindmur
410 4147 589 4216 terpugnata
600 4146 712 4216 scripsi,
726 4150 870 4216 expurgata
886 4149 924 4202 Vo
983 4148 1014 4201 14
1026 4149 1146 4217 gehenna

88 4239 126 4293 19
144 4240 209 4308 aput
277 4238 311 4292 20
328 4233 446 4306 iugulare
467 4236 514 4303 Vv,
532 4251 580 4288 eoo.
598 4234 737 4288 Latinius
806 4233 839 4286 27
858 4234 1023 4304 triumphos
1091 4233 1125 4288 30
1143 4237 1212 4306 eupi-

88 4327 168 4381 entes
189 4326 236 4394 Vo,
254 4342 303 4381 em.
320 4324 467 4391 Latinius,
485 4323 590 4391 cupiens
609 4325 679 4379 coni.
702 4325 874 4380 Gelleade‘as
943 4323 978 4380 ad
998 4339 1048 4376 om.
1066 4330 1133 4384 Lac,
