3050 5000
329 346 370 399 Dc
387 360 441 398 non
458 345 589 413 parcendo
605 346 635 399 in
653 344 729 399 deum
748 344 966 415 delinquentibus.
1147 351 1209 417 243

89 535 199 599 discit:
220 535 325 622 aspice
346 536 384 599 in
407 554 475 602 nos.
511 539 548 599 at
562 534 623 601 ille
643 535 779 617 respexit
799 536 837 601 in
857 556 916 625 eos,
939 556 1071 619 sperans
1092 540 1208 607 saali-
1311 566 1314 573 ·

88 638 170 720 qnid
192 642 391 721 accepturmn
414 639 454 703 ab
476 639 530 704 eis.
564 639 612 703 ait
634 644 738 703 antem
760 638 813 703 illi
835 639 967 707 Petrus:
994 650 1160 726 araentnm
1182 651 1210 711 et

88 761 207 805 aurum
228 761 293 807 non
313 741 416 822 labeo,
438 742 492 813 sed
513 742 595 828 qnod
616 740 710 805 labeo
731 740 787 807 loc
803 742 922 825 tilido,
945 744 982 808 in
997 748 1122 821 monime
1135 751 1209 817 Iesu

90 840 215 911 oanni·
243 846 410 911 Naeareni
438 865 531 928 surae
559 848 588 909 et
617 844 753 912 ambula.
793 850 821 910 et
853 847 1048 928 adprehensa
1081 852 1209 921 dentem

61 968 191 1038 smann
219 948 286 1015 eius
313 948 523 1033 mendenen,
557 950 779 1031 confestimque
806 951 990 1033 confirmati.
1012 959 1087 1022 saus
1113 959 1209 1037 pedes

88 1055 160 1118 cius
181 1055 211 1116 el
228 1053 377 1137 plantae,
407 1057 437 1117 ct
463 1052 612 1126 exsiliens
638 1055 722 1117 stetit
750 1058 779 1117 ct
807 1054 987 1127 ambulabat
1014 1062 1043 1121 et
1069 1059 1209 1128 intumuit
1249 1082 1251 1087 ·

89 1176 162 1224 σωκ
184 1156 252 1223 illis
271 1156 310 1230 in
331 1157 481 1242 templum
508 1156 679 1223 ambulans.
703 1176 741 1222 ac
768 1158 903 1238 saliens,
939 1160 1078 1226 lmodans
1105 1164 1206 1231 deum

88 1265 120 1325 et
141 1261 226 1327 uidit
247 1280 318 1325 enm
339 1260 442 1328 mals
457 1259 599 1341 populns
620 1258 835 1337 ambulantem
852 1265 881 1327 et
898 1260 1083 1340 laudantem
1104 1267 1205 1348 denna

87 1368 119 1427 et
141 1363 359 1447 connascebant
388 1364 466 1445 qnia
493 1364 560 1445 ipse
587 1368 656 1428 erat
689 1364 745 1445 qni
774 1364 825 1434 ad·
844 1364 1067 1448 eleemosynam
1087 1371 1209 1437 sedebat

41 1489 75 1529 10
89 1466 136 1532 ad
157 1468 328 1549 speciosam
344 1470 473 1549 portam
494 1466 615 1557 templi,
637 1470 665 1530 et
677 1466 799 1550 ‘repleti
819 1472 895 1534 sunt
911 1488 1037 1549 pauore
1056 1477 1086 1535 et
1106 1460 1221 1539 admi'

89 1570 274 1635 rationein
296 1589 330 1635 co
353 1569 435 1651 qnod
458 1570 615 1635 acciderat
636 1570 674 1635 ci.
712 1569 745 1635 el
763 1568 860 1635 infru:
888 1570 1082 1653 loquentibus
1104 1582 1210 1644 autem
1278 1600 1280 1605 ·

88 1673 159 1737 illis
181 1674 223 1740 ad
244 1673 397 1755 populum
419 1673 495 1742 hacc
515 1673 613 1743 uerba
632 1674 875 1745 insurrexerant
896 1678 1068 1743 sacerdotes
1082 1682 1111 1743 et
1124 1700 1208 1761 pon·
1281 1740 1285 1749 .

90 1776 171 1857 lifes
193 1776 299 1859 templi
327 1781 355 1839 ct
387 1775 569 1846 Sadducaei
594 1776 743 1855 dolentes,
767 1778 850 1859 qaod
872 1777 1016 1843 docerent
1038 1781 1160 1862 pubem
1181 1788 1210 1847 et

89 1880 325 1953 adnuntiarent
344 1880 383 1958 in
403 1879 511 1946 Iesum
532 1881 788 1957 resurrectionem
810 1884 1015 1962 marmorum,
1045 1885 1209 1951 eslonca
1272 1938 1274 1945 Α

43 2002 75 2042 1⁵
89 1987 169 2045 rant
183 1982 220 2048 in
235 2002 285 2048 eos
299 2002 416 2053 manus
432 1988 462 2048 et
480 1988 655 2065 posueruut
669 1985 706 2049 in
721 1985 872 2059 custodia.
904 1985 935 2049 el
950 1984 1046 2051 inira:
1069 1989 1210 2055 uidentes

88 2086 186 2151 Petri
204 2090 417 2165 constantiam
444 2093 473 2153 et
495 2088 653 2157 Iohannis
682 2093 711 2153 ot
731 2094 877 2169 conperto
900 2092 982 2171 qnod
996 2090 1135 2157 domines
1155 2093 1208 2157 in-

84 2192 190 2273 periti
217 2192 284 2256 sint
311 2196 340 2256 ct
369 2193 439 2257 sine
473 2192 588 2260 litteris
619 2193 837 2271 mirabantur,
870 2198 1085 2275 connascentes
1113 2195 1211 2261 etiarn

89 2296 181 2379 illos,
218 2295 295 2377 quia
323 2314 394 2359 cnm
421 2295 497 2361 Iesu
523 2301 630 2376 erant,
664 2296 822 2361 hominem
848 2297 945 2364 otium
970 2296 1111 2371 armates
1140 2318 1211 2369 emm

88 2400 172 2480 ipsis
198 2403 335 2463 stantem
355 2400 411 2481 aui
433 2403 563 2464 curatus
590 2403 669 2479 crat,
701 2398 785 2463 nihil
809 2404 960 2482 poterant
989 2400 1208 2468 contradicere.

43 2513 76 2553 2⁰
90 2523 164 2567 σωκ
193 2504 357 2568 iussissent
385 2508 490 2568 autem
517 2503 590 2568 illos
617 2505 707 2580 foras
735 2508 827 2570 entra
854 2503 1024 2568 concilium
1045 2503 1208 2587 discedere,
1255 2517 1258 2524 ⁴

90 2605 290 2686 conferebant
316 2607 360 2671 ad
388 2607 526 2675 inuicem
554 2607 710 2683 dicentes:
741 2608 820 2689 qnid
846 2609 1001 2689 faciemus
1032 2606 1210 2680 domininus

90 2706 168 2770 llis?
198 2725 275 2772 nam
296 2708 374 2790 qnia
394 2711 505 2772 notum
525 2707 647 2788 saonem
668 2711 712 2773 est
733 2707 861 2790 sianum
876 2726 938 2788 per
959 2709 1044 2790 ipsos
1068 2711 1210 2776 amicus

90 2810 310 2884 habitantibus
324 2809 511 2895 Ierusalem,
534 2810 740 2893 manifestum
761 2814 815 2887 est,
837 2813 868 2874 et
888 2827 950 2879 non
969 2829 1136 2892 pessimius
1150 2833 1206 2878 ne·

87 2933 178 2997 aare.
214 2915 268 2978 sed
295 2933 334 2978 ne
361 2914 503 2995 amplius
529 2914 729 2981 innotescant
756 2914 794 2979 in
823 2914 978 2996 populum
998 2915 1094 2979 uerba
1121 2915 1206 2997 luet,

44 3049 76 3088 25
89 3018 319 3083 emansincmnr
339 3014 409 3082 illis
430 3037 471 3080 nc
492 3017 633 3097 amplius
655 3017 828 3102 loquantur
850 3018 887 3080 in
909 3018 1036 3082 nomine
1063 3017 1117 3084 hoc
1146 3017 1208 3084 ulli

90 3121 266 3189 hominnm.
312 3119 575 3189 consentientibus
607 3125 712 3186 antem
745 3120 889 3184 omnibus
925 3120 1125 3186 accersientes
1158 3137 1209 3188 eos

84 3229 318 3306 praeceperunt
336 3225 421 3309 illis,
457 3245 496 3290 ne
517 3228 645 3290 omnino
670 3225 871 3311 loquerentur
892 3244 988 3306 neam
1010 3224 1150 3296 docerent
1172 3225 1212 3291 im

89 3329 220 3395 nominc
234 3327 318 3400 Iesu,
340 3329 558 3412 respondentes
573 3333 678 3400 autem
692 3327 806 3404 Petrus
823 3332 850 3394 ct
864 3327 1024 3393 Iohannes
1038 3327 1209 3396 dicerunt:
1290 3349 1292 3354 ’

90 3432 123 3496 si
144 3432 263 3499 iustum
284 3437 328 3498 cst
349 3451 457 3498 coram
478 3431 533 3496 deo
556 3451 611 3503 nos
632 3431 744 3508 audire
760 3431 981 3512 potiusquam
997 3430 1097 3512 deum,
1119 3431 1211 3504 tadu,

44 3568 76 3610 σο
90 3540 177 3617 cate,·
209 3556 275 3600 non
304 3536 389 3604 enim
414 3554 581 3617 possumus
609 3554 667 3603 nos
694 3555 778 3616 quae
806 3535 945 3608 uidimus
971 3537 1001 3598 et
1022 3535 1209 3612 moderamnus

89 3657 157 3704 non
185 3638 281 3722 loqui.¹
316 3641 424 3712 atilli
445 3641 671 3712 comminantes
692 3638 881 3713 dimiserunt
903 3656 960 3722 eos,
991 3657 1057 3703 non
1078 3639 1209 3709 inomni·

197 3915 228 3969 11
246 3915 306 3968 An.
322 3916 349 3979 4,
368 3915 434 3968 1-3
505 3914 537 3966 15
554 3913 590 3968 ib.
608 3914 633 3978 4,
653 3913 751 3966 13-31

144 4176 236 4236 simu
252 4192 273 4230 s.
293 4176 309 4228 l.
327 4180 394 4230 m.1
473 4175 597 4238 'lsiliens
673 4174 894 4230 9helemssinnm
967 4171 1000 4224 13
1017 4169 1164 4226 sadducei·
1229 4207 1234 4219 .

89 4282 127 4336 20
145 4280 265 4335 cecilium
343 4279 377 4330 24
393 4251 462 4332 ulna
538 4278 570 4332 31
589 4278 744 4333 dimiserunt
760 4294 794 4333 ea
813 4276 933 4332 dixemus
950 4289 1020 4330 corr.
1038 4289 1073 4328 m.
1091 4273 1141 4326 alt.

1057 4375 1106 4428 lo*
