3050 5000
278 359 340 426 120
768 361 917 418 Lueiieri

276 547 309 614 iu
330 550 504 616 centesimo
534 551 642 633 quinto
670 552 807 634 psalmo:
841 553 924 620 tenti
950 556 1006 638 qm·
1037 557 1224 622 melodient
1251 555 1417 622 indicium

276 658 308 718 et
325 654 453 735 feriunt
473 655 636 720 insidiens
655 655 695 719 in
716 657 805 720 omni
832 661 988 738 tenrpore;
1021 658 1053 724 et
1079 658 1124 738 tu,
1154 661 1264 743 facite,
1297 659 1418 741 inquis,

276 777 396 824 meeum
423 758 633 824 iniustitiam.
676 761 877 843 persequeris
905 762 1131 841 Athanasium,
1163 763 1285 846 impius
1316 763 1418 844 pium,

276 862 456 928 haereticus
468 862 696 938 Christianum
714 863 772 928 sed
788 881 841 930 oro
856 864 900 942 te,
917 864 1014 944 dieas,
1032 865 1085 948 qui
1100 867 1244 931 aestum
1261 866 1327 931 deo
1346 883 1418 930 esse

240 959 244 967 ’
276 966 377 1048 possit
399 967 569 1050 aceeptus?
590 967 627 1031 tu
649 968 781 1050 negator
802 968 948 1034 aeternus
971 968 1147 1034 mnesteus
1161 970 1249 1034 smiei
1265 969 1323 1032 <lei
1347 968 1417 1045 filii,
1440 985 1449 1024 ε

279 1069 464 1135 aedilieator
485 1069 585 1136 taleae
607 1070 768 1152 religionis
792 1071 886 1153 utque
908 1071 1069 1136 institutor
1093 1073 1174 1158 (en)
1192 1072 1418 1137 Athanasius?

277 1172 386 1254 legisti
406 1173 439 1236 in
460 1172 581 1254 psulme
604 1172 755 1238 exvln:
790 1173 873 1238 testi
893 1175 1088 1240 immunitati
1113 1177 1151 1239 in
1172 1176 1234 1240 mie
1254 1177 1316 1257 qui
1343 1195 1417 1239 am-

278 1275 394 1340 butant
418 1277 456 1341 in
482 1276 549 1359 tepe
574 1276 709 1342 domim
753 1275 838 1342 beuti
865 1277 921 1359 qni
946 1283 1195 1360 personatuum
1223 1281 1416 1344 moeonia

277 1379 356 1464 eins,
379 1380 418 1444 in
439 1383 501 1444 toto
521 1379 614 1444 eorde
643 1380 934 1461 requirentium
968 1380 1000 1444 et
1029 1381 1136 1460 dioito,
1165 1382 1236 1465 quis
1265 1383 1416 1448 uestrum

280 1483 416 1565 exquirit
437 1482 542 1559 deum,
567 1482 637 1564 quis
658 1481 796 1546 fideliter
829 1482 896 1548 eius
917 1483 1078 1548 maiestati
1100 1483 1291 1549 famulatum
1316 1499 1448 1567 prae-1·

278 1586 354 1652 het?
375 1588 461 1664 tune,
485 1587 539 1668 qui
561 1585 640 1651 ineis
661 1586 915 1668 persecutionem
932 1586 1115 1665 Athanasio,
1139 1605 1196 1652 our
1218 1607 1253 1652 ae
1269 1588 1415 1654 Christi-

280 1707 375 1754 anum
389 1687 535 1766 fateatur,
560 1707 599 1754 an
613 1689 668 1753 ille
682 1690 738 1772 qui
751 1689 786 1754 te
801 1689 880 1756 uelit
894 1691 1128 1772 persecutorem
1141 1709 1233 1756 suum
1250 1711 1268 1755 e
1282 1691 1416 1773 laqueis

281 1792 359 1874 eripi
383 1791 520 1858 diaboli?
541 1793 628 1871 tune,
652 1791 705 1875 qui
728 1791 772 1858 sis
796 1793 975 1858 destruetor
996 1794 1171 1859 ostholioee
1186 1793 1273 1872 fidei,
1300 1812 1344 1857 an
1359 1793 1416 1858 ille

281 1894 472 1976 apostolieae
495 1894 570 1961 fidei
592 1895 814 1977 praeuiostor‘?
843 1896 927 1962 situ
951 1915 985 1962 es
1001 1897 1141 1962 astruens
1158 1897 1225 1975 deo,
1251 1896 1416 1979 quomodo

280 1997 362 2063 intra
390 1999 468 2064 dieii
490 2000 618 2082 spiritus
640 2001 790 2066 sanetus:
818 2021 883 2066 non
904 2001 989 2066 enin
1011 2001 1066 2082 qui
1089 2005 1263 2082 operemur
1284 2001 1415 2082 iniqui-
1428 2024 1449 2064 n

280 2106 378 2168 tatem
398 2103 435 2167 in
448 2104 515 2168 niie
529 2105 598 2170 eins
619 2104 888 2170 ambulantium?
909 2121 966 2169 uos
988 2104 1085 2187 igitur
1107 2103 1258 2168 haeretiei
1274 2104 1416 2185 operarii

279 2205 464 2288 iniquitatis,
488 2225 561 2272 eum
583 2225 645 2272 uon
665 2207 698 2272 in
720 2207 782 2272 uiis
803 2206 1007 2272 inueniamini
1023 2206 1148 2284 domini,
1171 2205 1282 2288 utique
1305 2207 1415 2270 mani-

280 2307 404 2374 festatis
436 2329 494 2375 uos
529 2311 675 2393 operibus
708 2311 825 2375 uestris
859 2329 928 2375 esse
962 2309 994 2374 in
1029 2310 1080 2374 uia
1112 2309 1238 2374 diaboli.
1284 2307 1417 2392 legisti:

280 2414 378 2478 notite
391 2414 492 2480 ederi
513 2419 646 2480 mortem
665 2417 704 2479 in
724 2434 859 2480 errorem
873 2415 960 2478 uitae
974 2419 1097 2478 nestrae
1111 2433 1209 2494 neque
1226 2411 1418 2494 adquiratis

275 2518 490 2598 perditionem
516 2520 555 2583 in
583 2518 730 2600 operibus
758 2537 916 2582 mmmmm
938 2519 1128 2599 nostrarum,
1157 2516 1314 2597 qnoniam
1339 2516 1452 2581 menn

280 2624 412 2687 mortem
432 2640 500 2685 non
526 2622 602 2703 feeit
622 2642 677 2688 nee
699 2623 840 2688 toetomr
861 2621 897 2685 in
913 2619 1125 2701 perditionem
1146 2618 1329 2683 minorum?
1377 2636 1416 2681 an

280 2722 431 2789 minime?
475 2725 502 2789 si
533 2724 658 2807 legisti,
691 2742 747 2788 our
781 2720 969 2805 praecepisti
998 2739 1219 2803 quaereremus
1253 2720 1417 2785 nobismet
1506 2786 1507 2789 ,

280 2825 359 2907 ipsis
379 2827 535 2891 mortem?
557 2828 585 2892 si
606 2846 665 2893 non
688 2826 806 2909 legisti,
831 2843 985 2909 eognosee
1009 2824 1085 2908 quid
1106 2842 1162 2889 nos
1184 2823 1291 2888 faeere
1315 2824 1417 2889 fueris

280 2929 435 3008 hortatus,
468 2930 504 2994 tu
536 2931 589 3013 qui
615 2932 648 2994 in
677 2931 794 2995 sortem
825 2928 981 3011 delegeris
1010 2946 1079 2993 esse
1106 2926 1241 3005 illorum,
1276 2944 1416 3008 quorum

280 3031 422 3097 facinora
437 3032 596 3099 dmenhat
610 3052 663 3099 ore
680 3031 857 3099 Salomonis
877 3030 1004 3113 spiritus
1022 3030 1149 3095 sanetus
1162 3029 1290 3093 disens:
1316 3050 1418 3111 neque
1428 3054 1452 3095 re

280 3138 449 3203 mercedem
482 3142 693 3219 eperonernnt
728 3136 872 3201 institiae
904 3156 961 3201 nee
998 3136 1224 3200 iudicauerunt
1260 3134 1416 3198 tenorem

281 3240 468 3305 annnorum
482 3246 678 3323 sanderum
693 3239 847 3321 qnoniam
862 3240 940 3303 dens
962 3238 1084 3305 emunit
1098 3236 1258 3303 dormirem
1272 3236 1417 3301 inexter-

282 3342 467 3408 menmium
499 3348 530 3409 et
556 3345 600 3410 ud
628 3342 804 3425 inopinum
836 3360 912 3407 snae
941 3338 1167 3405 similitudinis
1198 3339 1274 3420 feeit
1304 3340 1415 3426 iltpm.

280 3443 412 3511 inuidia
444 3451 551 3511 eutem
582 3446 705 3513 diaboti
739 3464 827 3510 mors
860 3445 1010 3509 introierit
1042 3444 1079 3508 in
1105 3443 1208 3508 ortem
1237 3446 1415 3507 mrrmmm.

385 3612 574 3678 1Ps.105,3
655 3613 844 3679 7Ps.118,1
872 3614 889 3667 2
970 3615 1002 3667 15
1020 3614 1063 3668 Ps.
1083 3614 1175 3676 118,3
1252 3612 1284 3666 19
1303 3614 1366 3681 Sap.
1388 3614 1413 3677 1,

282 3700 376 3755 1213
444 3699 477 3752 25
494 3700 531 3755 lh.
549 3700 574 3765 2,
593 3701 635 3755 22.
652 3700 686 3754 23

331 3855 502 3924 dimpiusm
582 3857 674 3927 Aquis
690 3858 760 3924 fort.
829 3856 911 3911 tulii
929 3855 972 3909 (lei
990 3874 1005 3911 o
1074 3856 1143 3909 tien
1161 3871 1183 3909 s.
1202 3854 1219 3907 t.
1237 3871 1273 3907 m.
1291 3870 1347 3909 ree·

278 3993 494 4049 8⁹“semtantur
511 3998 593 4060 (Wm
613 4000 641 4063 1)
712 3996 772 4049 9ei
841 3994 872 4047 11
892 3941 936 4049 dn
954 3976 983 4063 (ςι
998 4011 1032 4047 m.
1049 3996 1115 4059 ree.)
1187 3990 1219 4043 16
1238 3991 1343 4059 operari

281 4099 314 4152 ιτ
331 4071 502 4182 nuemimm
606 4100 638 4153 1e
656 4099 741 4152 neure
764 4100 858 4152 enin
877 4098 996 4166 nequa
1100 4094 1131 4147 21
1156 4092 1306 4161 perditione
1331 4111 1347 4147 v

278 4227 315 4280 22
332 4185 471 4281 nmffidhei
479 4185 576 4295 11ἒᾶῒί
595 4228 709 4294 (ΝΜ
721 4228 793 4271 ¹⁰¹¹¹w
811 4245 845 4281 m.
863 4229 927 4295 reo.)
1016 4224 1049 4277 24
1067 4226 1167 4277 ortatus
1186 4240 1220 4276 m.
1239 4227 1255 4275 1
1346 4224 1417 4275 sorte

281 4334 348 4399 fort.
426 4332 459 4387 29
477 4298 587 4387 introirit
605 4332 622 4401 (¹
641 4350 675 4387 m.
692 4334 757 4399 ree.)
