3050 5000
317 377 383 443 234
807 376 956 431 Luciferi

317 567 505 631 nuntiorum
527 566 729 631 Hierusalem
751 571 782 631 et
802 568 948 632 ciuitates
970 566 1087 641 Indae,
1112 570 1149 631 nt
1172 567 1259 630 irent
1276 569 1358 646 past
1382 564 1449 647 lepi-

316 672 397 735 tima
424 674 547 735 exterae
573 675 676 735 terrae
705 675 736 735 et
755 669 921 751 probibere
942 669 1128 736 holocausta
1151 674 1181 733 et
1202 668 1449 749 sacrificiunt

317 772 501 838 libationem
534 772 572 837 de
603 774 870 858 sanctificatione,
905 774 1126 839 contaminare
1159 772 1300 837 sabbata
1334 775 1366 834 ct
1392 770 1449 834 dies

317 876 510 961 solem<nes>
535 875 720 957 etpollnere
746 878 1029 959 sanctificationem
1051 882 1080 941 et
1101 880 1243 941 statuere
1267 874 1409 939 delubra
1427 879 1450 936 d
1490 896 1491 953 f

316 977 404 1043 idola
432 983 462 1043 et
488 979 653 1045 immolare
676 980 849 1063 porcinam
877 985 906 1044 et
932 1000 1049 1061 pecora
1078 980 1267 1045 communia
1297 982 1330 1041 et
1356 977 1449 1041 relin·
1465 1008 1491 1045 s¹

317 1102 410 1164 quere
439 1081 523 1163 tilios
548 1102 621 1147 suos
647 1084 888 1148 incircumcisos
914 1088 945 1148 et
958 1084 1105 1166 polluere
1127 1084 1262 1147 animas
1285 1102 1402 1145 eornm
1420 1082 1449 1144 in

317 1186 405 1248 omni
426 1186 635 1250 immunditia
649 1190 678 1252 et
692 1186 934 1272 abominatione,
959 1188 1009 1251 ita
1023 1192 1058 1251 nt
1074 1188 1349 1252 obliuiscerentur
1364 1186 1448 1267 leyen

317 1292 347 1353 et
367 1292 528 1353 mutarent
552 1290 811 1372 iustificationes;
843 1291 1081 1373 etquicunque
1103 1310 1169 1355 non
1191 1291 1325 1372 fecisset
1348 1308 1447 1352 secan-

315 1390 393 1456 dum
414 1392 546 1457 uerbum
572 1391 658 1475 repis
685 1398 867 1461 moreretur.
905 1395 1075 1459 secundnm
1105 1394 1216 1458 omnia
1246 1392 1358 1457 uerba
1385 1391 1447 1455 boec

319 1499 410 1561 misit
430 1498 552 1577 scripta
573 1498 723 1561 uniuerso
744 1517 840 1581 repno
862 1516 919 1561 sno
942 1502 971 1562 et
991 1498 1066 1581 fecit
1087 1496 1351 1562 consideratores
1366 1514 1469 1575 supero

310 1602 479 1682 populum.
503 1604 531 1664 et
552 1598 725 1664 mandauit
746 1600 932 1665 ciuitatibus
953 1601 1040 1665 Iuda
1062 1600 1229 1665 immolare
1252 1620 1317 1680 per
1341 1600 1447 1663 cineta

316 1708 377 1767 tem
398 1706 427 1766 et
448 1703 619 1769 ciuitatem.
653 1708 683 1767 et
704 1705 885 1786 oonpreyati
906 1710 982 1769 sunt
1004 1704 1097 1769 inulti
1119 1705 1157 1769 de
1173 1703 1305 1784 populo
1331 1704 1378 1767 ad
1398 1721 1445 1768 eos,

318 1806 422 1870 omnis
461 1805 679 1887 derelinquens
710 1806 823 1893 leyen,
857 1813 884 1871 ct
922 1808 1063 1889 tmernnt
1089 1809 1177 1872 mala
1206 1809 1245 1871 in
1284 1811 1392 1885 terra,
1424 1804 1447 1867 d

316 1908 414 1973 inira:
437 1913 466 1973 et
487 1909 739 1991 aedificanernnt
759 1910 1028 1976 abominationem
1049 1912 1258 1977 desolationis
1282 1931 1388 1993 snper
1407 1910 1446 1974 al·

318 2017 387 2076 tare
422 2017 451 2077 et
479 2013 516 2076 in
548 2012 734 2077 ciuitatibus
755 2013 843 2078 Iuda
871 2016 909 2078 in
938 2016 1070 2081 circuitu
1095 2017 1293 2079 struxerunt
1322 2032 1404 2077 aras
1426 2016 1467 2075 dt

317 2118 353 2180 in
375 2116 465 2180 ostiis
486 2116 649 2181 domorum
671 2120 699 2181 et
727 2118 765 2181 in
781 2116 901 2199 plateis
931 2118 1146 2183 incendebant.
1185 2122 1216 2181 et
1246 2118 1357 2182 libros
1385 2116 1446 2199 lepis

315 2221 509 2284 inuenerunt
531 2225 559 2284 et
580 2222 809 2287 succenderunt
829 2224 903 2305 ione
925 2224 1105 2305 conscissos,
1129 2227 1160 2287 et
1181 2217 1277 2303 apud
1294 2243 1392 2303 quem
1406 2224 1445 2284 in

317 2324 503 2387 ueniebatnr
525 2322 602 2388 liber
623 2326 803 2389 testamenti
825 2332 853 2390 et
876 2326 905 2390 si
927 2326 1000 2407 quis
1022 2326 1233 2390 consentiebat
1261 2326 1350 2409 leyi,
1386 2346 1445 2389 con

314 2427 439 2491 stitutio
462 2428 546 2510 repis
566 2427 777 2510 interficiebat
800 2450 880 2495 enm.
917 2431 954 2494 in
984 2429 1104 2495 uirtute
1133 2442 1194 2493 sna
1217 2428 1396 2509 faciebant
1416 2428 1446 2490 ad

315 2529 420 2594 Israel
452 2529 503 2594 bis
534 2533 590 2612 qni
623 2531 873 2596 inueniebantnr
902 2535 940 2598 in
971 2535 1059 2598 omni
1086 2551 1189 2597 mense
1220 2536 1251 2596 et
1286 2553 1399 2597 mense
1421 2533 1466 2594 inu

315 2632 521 2710 ciuitatibus,·
546 2638 575 2697 et
596 2640 715 2715 quarta
737 2641 766 2699 et
788 2637 941 2701 uicesima
963 2638 1079 2702 mensis
1100 2635 1344 2718 sacrificabant
1367 2655 1446 2717 snper

316 2755 408 2799 aram
430 2755 510 2816 qnae
532 2741 602 2799 erat
622 2757 718 2820 super
740 2738 852 2803 altare.
876 2739 1068 2806 ctmnlieres
1083 2759 1162 2821 qnae
1177 2727 1446 2806 circumciderant

314 2841 408 2902 natos
429 2857 502 2902 suos
524 2840 755 2922 interficiebant
776 2843 948 2908 secundnm
964 2848 1179 2926 praereptum.
1211 2843 1446 2924 suspendebant

313 2940 456 3022 infantes
484 2962 506 3004 a
533 2943 706 3008 eunicebus
734 2965 842 3009 eornm
870 2950 899 3009 et
926 2945 963 3009 in
991 2947 1098 3012 domos
1125 2965 1235 3010 eornm
1269 2949 1305 3009 et
1328 2965 1383 3011 eos
1403 2946 1447 3027 qni

313 3043 579 3109 circumciderant
599 3067 659 3112 eos.
698 3047 843 3112 etmulti
864 3051 901 3113 in
924 3048 1029 3114 Israel
1051 3049 1259 3114 obtinuerunt
1284 3055 1316 3112 et
1340 3051 1468 3130 confir-2¹

314 3149 397 3211 mati
418 3150 552 3212 suntin
575 3151 635 3235 eis,
663 3155 787 3216 utnon
810 3152 1043 3218 manducarent
1063 3153 1263 3234 communia,
1297 3157 1330 3216 et
1353 3171 1445 3216 snseo

312 3255 434 3332 perant
459 3252 559 3335 mori,
594 3257 631 3316 nt
657 3271 722 3318 non
746 3253 966 3336 polluerentur
987 3257 1064 3320 escis
1085 3259 1112 3319 et
1134 3274 1200 3318 non
1225 3256 1446 3337 profanarent

314 3358 537 3418 testamentum
564 3361 721 3422 sanctmn.
759 3361 789 3422 et
809 3357 899 3438 facta
927 3364 971 3423 est
997 3360 1051 3422 ira
1076 3379 1197 3442 mayna
1218 3377 1326 3440 snper
1349 3357 1445 3424 Israd

313 3457 414 3520 nimis
441 3458 478 3520 in
506 3457 614 3522 diebus
638 3459 714 3524 illis.
753 3465 782 3526 et
803 3461 945 3526 surrenit
967 3461 1149 3526 Matatbias
1171 3461 1265 3544 filius
1291 3463 1445 3528 Iohannis

314 3560 473 3627 Simeonis
494 3562 639 3627 sacerdos
658 3563 803 3646 filiorum
817 3565 928 3631 Ioarib
943 3565 982 3631 ab
998 3565 1209 3647 Hierusalem,
1235 3571 1266 3631 et
1290 3566 1371 3632 leuia
1390 3566 1467 3650 fibl³

314 3665 462 3746 qumque,
485 3665 518 3729 ci
537 3664 637 3729 inire:
659 3671 688 3731 et
709 3668 862 3733 uiderunt
882 3669 1095 3751 blasphemias
1118 3689 1200 3751 quas
1223 3670 1397 3751 faciebant
1414 3672 1441 3733 in
1492 3687 1493 3720 r

313 3767 400 3832 Inda
422 3768 509 3832 etin
532 3769 651 3850 Israel,
685 3775 714 3833 at
735 3771 839 3836 dimit:
873 3761 936 3835 ben'
954 3791 1020 3856 me,
1055 3772 1192 3853 utquid
1221 3775 1314 3839 istud
1343 3774 1439 3854 factus

416 3955 810 4021 lunisonem-nt
879 3957 1088 4022 slib.2‚6.7

362 4109 562 4178 isolemneco,
581 4111 663 4164 solem
678 4112 705 4165 V
798 4111 830 4164 13
848 4127 938 4165 omnes
957 4111 1206 4181 derelinquentem
1314 4115 1345 4168 16
1365 4112 1433 4166 osteis

310 4202 372 4250 rto-1
480 4197 511 4248 17
530 4197 661 4251 concissos
679 4213 714 4250 ea
726 4197 857 4252 conscissus
877 4213 947 4252 corr.
967 4215 999 4252 m.
1018 4203 1033 4250 1
1139 4198 1173 4252 20
1192 4198 1379 4252 inueniebstus

310 4296 344 4349 29
361 4265 482 4353 miehb‘ls
502 4304 583 4367 (corr.
603 4317 636 4355 m,
656 4302 716 4368 alt.)
