3050 5000
465 398 507 452 De
525 402 617 452 sancto
635 376 783 453 Athanasio
801 400 869 453 liber
885 400 918 455 Π.
1196 404 1257 468 173

131 592 164 653 et
178 588 341 653 'mandato
362 588 429 652 eius
445 600 517 653 ασα
536 587 680 668 mandit,
709 572 848 653 νασαασα
870 592 923 665 cst,
952 573 981 654 ii
1002 590 1040 653 ia
1062 589 1116 656 iioe
1137 576 1259 657 comtos

127 711 194 759 ασα
204 695 258 759 cst.
273 692 330 774 qui
345 696 451 756 cutem
465 694 670 758 seruauerint
681 694 750 758 cius
761 692 903 775 ασνσανα,
919 712 993 758 ασνσ
1014 693 1054 758 di
1071 694 1257 762 eieceritis

127 797 181 863 dei
204 801 421 861 consummato
443 799 495 863 esi.
531 796 568 859 tn
589 795 658 860 fieri
678 782 835 890 praecipis
858 798 967 862 contra
984 782 1033 862 dei
1047 798 1251 874 mandatum

128 902 239 966 contra
263 898 423 983 apostolus
447 898 534 980 dicit,
558 899 633 983 quie
655 901 708 982 qni
724 918 783 965 non
800 902 986 965 custodierit
998 882 1168 985 piaecapta
1183 903 1251 968 eins

95 1024 187 1071 ⁵nec
212 1002 339 1088 quidem
362 1004 545 1086 cognouerit
567 1022 649 1083 eum,
674 1005 757 1087 quia,
786 1004 896 1089 inquit,
928 1007 954 1071 si
985 1006 1088 1071 dicat:
1127 1007 1255 1089 copucai

127 1131 209 1189 σανα,
238 1113 269 1172 ct
294 1109 451 1173 mandato
478 1110 545 1173 cius
572 1129 637 1173 ασα
665 1108 808 1187 custodit,
840 1110 977 1175 moadoa
1005 1112 1058 1191 esi,
1092 1115 1121 1174 ei
1152 1112 1191 1174 ia
1224 1128 1257 1174 σσ

127 1214 251 1278 ueritas
262 1231 327 1276 ασα
339 1215 393 1275 est.
415 1210 464 1274 uis
480 1230 536 1275 nos
551 1209 661 1297 <es>se
677 1212 856 1290 mendaces,
873 1212 921 1276 nis
937 1212 1111 1277 homicidas
1123 1210 1256 1277 inueniri

129 1310 252 1379 adhoc
277 1313 343 1379 sine
367 1313 471 1391 dnbio,
496 1334 534 1379 ne
551 1314 720 1381 Christiani
743 1334 813 1380 esse
827 1316 1030 1399 reperiamur.
1053 1318 1254 1398 nequeenim

128 1418 298 1483 mendaces
321 1436 423 1499 neque
446 1416 624 1483 homicidae
648 1418 721 1483 sunt
743 1418 921 1484 Christiani.
968 1418 1127 1501 apostolus
1156 1419 1248 1484 dicit:

79 1536 111 1575 10
128 1524 185 1604 pai
207 1523 407 1587 εσνασασναατ
428 1523 496 1585 eius
516 1522 655 1605 uerbum,
675 1542 748 1585 ασνσ
770 1527 989 1587 consummato
1007 1526 1051 1587 esi
1065 1522 1186 1587 caritas
1203 1523 1254 1588 rici

129 1624 220 1706 oppid
240 1623 332 1704 iiios‚·
355 1626 387 1689 et
402 1626 547 1707 apostata
561 1643 746 1708 praecursor
761 1626 936 1691 antichristi
953 1625 1050 1693 dicis:
1065 1628 1250 1709 quicumque

129 1750 196 1793 ντσττ
218 1730 355 1794 custodit
376 1729 533 1795 νααασῑσσσ
554 1730 647 1795 iliius
675 1731 772 1797 uiuet.
818 1728 936 1809 adhuc,
966 1732 1022 1814 pai
1051 1728 1130 1794 dicit
1158 1748 1189 1794 sc
1219 1730 1256 1793 iu

129 1832 251 1898 iromiue
283 1852 361 1918 csse,
395 1832 507 1915 inquit,
536 1837 564 1897 ct
591 1832 726 1914 fratrem
757 1852 850 1899 σαανα
880 1834 953 1913 odii,
980 1836 1018 1900 ia
1047 1834 1190 1899 tenebris·
1210 1838 1256 1899 cst

128 1956 227 2017 usqae
248 1936 361 2003 odico.
395 1939 451 2019 poi
474 1942 579 2001 nutem
602 1943 691 2001 omot
711 1938 848 2021 fratrem
869 1957 972 2016 suum,
996 1938 1032 2003 iu
1048 1938 1254 2018 iumiueper·

80 2059 112 2096 1⁵
129 2045 245 2119 ασαασσ,
268 2040 507 2105 circundatum
528 2060 592 2105 ασα
614 2043 660 2104 est
679 2041 717 2130 τα
737 2060 782 2107 co.
816 2041 871 2122 poi
894 2044 999 2105 cctam
1021 2038 1089 2105 odit
1114 2039 1250 2120 fratrem

129 2162 233 2223 σαανα,
256 2140 292 2206 iu
315 2143 450 2207 tenebris
472 2141 617 2208 omialot
631 2146 661 2207 ct
674 2143 775 2207 nescit
795 2163 855 2224 pao
870 2149 929 2228 cot,
946 2145 1098 2225 quoniam
1112 2142 1253 2208 ἰσασσνασ

129 2246 378 2311 σσσσαναασναασ
398 2267 453 2311 cor
473 2250 550 2311 eics.
588 2245 663 2329 qnid
687 2265 705 2309 a
727 2248 759 2310 te
783 2243 961 2312 tenebroso
975 2248 1091 2329 poterit
1111 2244 1183 2337 [diei
1212 2246 1253 2311 ad

128 2350 232 2414 haec?
254 2367 310 2413 cur
331 2350 363 2415 in
384 2351 533 2416 tenebras
555 2350 742 2415 constitutos
770 2350 801 2414 in
823 2349 942 2414 lumine
968 2350 1138 2437 <urgues>:
1170 2350 1251 2416 odite

129 2474 249 2520 νασσανα
270 2456 301 2519 ct
320 2472 377 2519 uos
398 2473 469 2519 σανα
491 2474 582 2536 σασα
603 2474 655 2538 epo
678 2450 797 2520 iniuste
819 2454 882 2538 odi,
905 2451 995 2519 estote
1022 2454 1252 2538 conparticipes

81 2586 111 2622 σο
129 2560 282 2623 iusouioe
302 2578 398 2639 νασασ,
422 2561 513 2623 estote
534 2563 569 2623 ut
591 2577 644 2640 epo
667 2556 763 2622 etiam
786 2577 843 2622 uos
865 2557 1049 2623 homicidae.
1089 2557 1201 2623 deinde
1225 2557 1252 2625 si

131 2661 218 2740 dicit,
249 2661 322 2745 quie
350 2662 404 2741 qui
432 2660 498 2725 odit
525 2661 660 2742 fratrem
687 2680 782 2724 suum
811 2661 848 2724 ia
876 2659 1007 2725 histris
1030 2659 1180 2742 amiciet,
1209 2664 1245 2727 ut

129 2766 274 2830 nesciens
308 2766 349 2830 sit
376 2783 437 2846 qno
465 2765 602 2847 pergat‚·
620 2762 773 2828 uidelicet
802 2764 876 2847 quia
903 2761 1053 2829 tenebrae
1082 2763 1251 2830 uiolentiae

130 2869 238 2934 oculos
263 2866 329 2932 eius
354 2871 611 2945 excaecandum,
641 2864 772 2949 quidsi
799 2867 993 2954 interfecerit
1023 2870 1092 2951 quis
1121 2865 1250 2933 'tratrem

130 2976 243 3036 suum?
266 2969 342 3054 qnid
365 2971 392 3035 si
413 2969 572 3035 homicida
594 2969 710 3034 fuerit?
733 2969 790 3034 sed
811 2969 870 3035 tibi
885 2968 963 3035 nihii
977 2971 1102 3035 uidetur
1117 2967 1252 3036 homici-

81 3097 111 3136 25
130 3074 191 3138 dae
209 3073 377 3159 <crimen>‚
392 3076 445 3158 qui
459 3075 618 3138 tantorum
634 3073 684 3138 dei
703 3087 865 3138 seruorum
880 3074 1030 3138 inueniris
1048 3074 1165 3162 indisso
1179 3093 1254 3140 san-

129 3178 265 3260 guinem.
291 3179 388 3244 audes
410 3179 488 3243 haec
514 3177 565 3242 dei
585 3178 694 3242 iubere
717 3175 935 3243 sacerdotibus
958 3176 1061 3241 iacere
1086 3185 1165 3259 quae
1189 3177 1247 3242 soli

129 3283 203 3346 sunt
225 3273 343 3364 placita
364 3281 446 3364 patri
467 3281 574 3345 nestro
598 3278 723 3344 diabolo
747 3280 779 3342 et
800 3279 890 3343 nobis
913 3277 1053 3344 Ariianis
1075 3279 1149 3344 filiis
1175 3279 1251 3368 eius.

173 3379 241 3448 XV.
264 3379 417 3449 Hortatur
439 3385 515 3448 item
537 3381 755 3447 sanctissimus
780 3382 950 3463 apostolus,
973 3383 1009 3446 nt
1029 3365 1178 3447 iustitiae
1192 3381 1253 3446 iter

129 3489 276 3552 tenentes
298 3487 329 3552 in
351 3488 536 3571 perpetuam
556 3494 739 3552 mereamur
760 3487 908 3552 constitui
923 3485 1079 3568 requieruss
1107 3475 1189 3578 etin
1204 3487 1253 3550 uir
1305 3530 1309 3536 -

82 3613 112 3651 σο
129 3590 381 3674 sapientissimus
397 3589 548 3673 conpelh's
563 3610 619 3655 nos
636 3591 676 3654 ad
690 3590 833 3655 aeternos
845 3589 952 3654 uenire
963 3590 1070 3654 tecum
1080 3587 1250 3655 cruciatis.

232 3797 428 3862 5110h2,4
499 3799 532 3852 10
549 3799 585 3854 ib.
603 3799 663 3864 2,5
734 3799 767 3853 12
785 3799 821 3852 ib.
840 3799 866 3863 2,
884 3797 967 3851 9-11
1039 3797 1070 3850 21
1090 3797 1127 3852 ib.
1145 3798 1170 3866 2,
1190 3798 1219 3850 ll

180 3987 303 4056 :ipcepis
406 3991 424 4017 ⁰¹
441 3990 533 4041 contra
552 3988 581 4055 (⁸²
603 4004 637 4041 m.
660 3989 725 4054 νσσ.)
748 3989 776 4042 V
875 3949 991 4042 'incise
1014 3992 1044 4054 τ’·
1061 4004 1096 4042 ατ.
1119 3987 1185 4049 νσσ.)

127 4074 146 4127 8
157 4073 333 4142 repperiamur
403 4073 433 4126 11
446 4075 570 4142 apostata
580 4074 610 4126 tu
623 4072 691 4145 sort.
760 4072 793 4125 18
803 4072 960 4127 constitutos
971 4073 1000 4128 in
1011 4072 1028 4127 l.
1039 4088 1133 4142 urgues
1143 4071 1254 4138 scripsi,

127 4158 288 4212 constitutus
306 4158 334 4210 in
346 4157 443 4211 lumine
459 4159 490 4220 V,
509 4158 668 4212 oonrtttutns
680 4173 733 4210 non
744 4158 773 4211 in
784 4156 882 4234 lumine
894 4153 960 4211 dicis
972 4175 988 4211 o
1057 4156 1088 4209 21
1102 4158 1133 4210 nt
1144 4155 1254 4226 scripsi,

127 4246 157 4296 et
178 4238 217 4298 Vc
320 4243 355 4296 24
381 4238 527 4296 homicidae
550 4244 647 4297 crimen
670 4245 786 4312 scripsi,
808 4237 955 4297 hanricidae
977 4241 1007 4310 V,
1027 4236 1159 4295 homicida
1181 4241 1253 4297 coni.

126 4330 266 4384 Latinius
335 4330 370 4383 30
387 4330 514 4383 cruciatos
525 4336 593 4384 m.1
