3050 5000
340 391 382 444 De
401 406 454 444 non
471 392 603 460 parcendo
621 394 650 446 in
668 392 746 447 deum
763 394 984 464 delinquentibus.
1155 400 1216 467 211

85 579 319 660 Melchisedec,
339 581 508 659 Abrohom,
531 582 623 648 Isaeo
647 584 679 647 et
700 586 807 663 Iacob,
826 586 950 669 Ioseph,
966 588 1083 668 Moses,
1099 589 1212 669 Aaron,

84 682 292 762 Iesustue,
315 684 383 765 lob,
407 676 534 751 Iudices
557 687 589 751 et
604 687 702 751 ceteri
716 705 818 770 reges,
842 690 900 755 hoc
925 691 973 755 est
994 692 1108 770 Dosdd,
1124 696 1215 759 Ioso-

82 777 181 881 pliut,
215 788 383 866 Ezechias,
418 788 533 868 Iosics,
569 808 664 873 quam
696 792 866 856 tenuerunt
904 795 1009 858 cuncti
1041 797 1212 879 prophetae

84 890 223 971 apostoli
237 910 278 955 cc·
286 892 449 975 martyres,
464 912 558 975 quam
569 893 739 958 tenuerunt
751 912 859 960 omues
872 896 925 978 qui
942 897 999 961 deo
1015 897 1215 964 inueniuntur

53 994 266 1075 ⁵placuisse?

128 1099 172 1161 Π.
195 1096 392 1164 sincerior
415 1116 434 1162 s
456 1098 645 1164 daemonum
667 1100 790 1166 dictum
812 1103 861 1167 est
875 1104 1024 1186 principe,
1049 1105 1122 1170 cudi
1137 1106 1216 1188 quid

80 1200 156 1265 fieri
178 1200 257 1266 deus
279 1200 428 1266 statuerit
458 1201 497 1265 de
524 1202 641 1284 tepet
668 1203 841 1286 gloriosum
869 1208 1053 1289 prophetem
1081 1210 1210 1275 Mosen:

78 1305 242 1369 stactem
268 1306 441 1370 surrexerit
466 1306 506 1370 is
534 1309 561 1372 te
586 1307 741 1389 propheto
770 1312 828 1372 oct
853 1311 1013 1375 somniem
1041 1314 1210 1377 somnians

80 1412 113 1471 et
136 1408 256 1475 dederit
277 1410 405 1492 ciperem
427 1412 487 1473 aot
502 1409 691 1492 prodips‘um
713 1415 741 1475 ct
761 1413 888 1476 uenerit
901 1413 996 1496 sipon
1011 1413 1134 1496 faciens
1151 1420 1212 1481 aot*

37 1530 65 1568 10
76 1511 237 1595 prodipic
264 1517 294 1577 et
327 1512 448 1578 dixerit
480 1512 524 1577 od
550 1516 579 1577 te
606 1513 734 1579 dicem:
767 1532 875 1579 camos
898 1520 926 1580 et
952 1518 1131 1583 sercicoms
1157 1518 1207 1583 dis

80 1613 203 1679 alienis
223 1633 299 1696 ocos
320 1615 460 1697 sectis,
484 1634 550 1680 con
566 1616 705 1682 audictis
720 1616 851 1681 cerbcm
861 1618 1032 1701 prophetoe
1045 1620 1138 1686 illios
1152 1625 1210 1687 cot

78 1719 285 1795 senescetis,
309 1720 462 1799 quoniam
477 1721 608 1800 temptat
622 1720 770 1785 dminus
786 1721 862 1785 deus
876 1723 1064 1804 dessidere,
1087 1725 1118 1788 si
1132 1722 1210 1788 dili-

77 1823 167 1905 pcto's
188 1822 355 1887 dominum
376 1822 470 1887 deum
490 1826 632 1887 sescum
653 1842 692 1887 coc
714 1827 775 1889 toto
797 1826 888 1890 corde
909 1829 1012 1890 uestro
1031 1831 1061 1891 et
1082 1847 1121 1891 esc
1143 1830 1208 1891 toto

78 1926 197 1989 animo
217 1930 337 1990 scotres
354 1930 428 2007 post
450 1925 615 1990 domim
635 1926 729 1992 deum
749 1932 892 1992 uectum
914 1929 1042 1996 obibitis
1056 1934 1087 1995 et
1100 1931 1207 2012 ipsum

37 2042 64 2083 1⁵
77 2028 239 2111 timebitis,
264 2033 293 2093 et
315 2029 473 2094 mandem
493 2030 562 2093 eius
582 2028 763 2095 custodietis
787 2036 815 2094 et
835 2050 945 2100 uocem
964 2033 1032 2097 eius
1054 2032 1201 2113 cosmo,

77 2137 108 2196 ec
130 2131 185 2197 cili
207 2131 422 2214 adponesoim‘.
463 2136 493 2197 et
510 2131 666 2213 propheta
688 2133 744 2198 ille
772 2138 829 2198 cot
849 2135 1008 2199 somniem
1028 2137 1204 2213 somnians,

77 2235 134 2302 illi
156 2237 347 2306 momulus,
382 2234 480 2300 locuti
507 2239 585 2299 sont
603 2236 690 2299 eccos
711 2235 853 2302 seducere
879 2256 937 2301 uos
957 2256 981 2301 c
1000 2238 1127 2305 domim
1148 2239 1203 2303 dec

76 2344 195 2406 oestro.
218 2340 382 2423 cognoscis
404 2337 480 2420 quid
502 2338 568 2421 poti
589 2338 695 2403 iussus
718 2338 783 2404 sis?
807 2338 873 2403 siue
898 2340 1014 2407 etenim
1028 2341 1060 2405 te
1076 2341 1196 2406 somnio

77 2445 168 2532 dices
202 2444 397 2534 admonitum
430 2442 498 2508 siue
523 2443 557 2506 te
584 2442 768 2525 prophetam
796 2442 876 2508 uelis
908 2443 1070 2509 adstruere
1101 2442 1200 2524 nobis,

37 2549 224 2614 ”inimicus
248 2549 300 2614 dei
322 2531 373 2625 es,
391 2547 444 2629 qui
466 2546 547 2611 uelis
568 2565 626 2612 nos
646 2546 743 2612 fidem
767 2547 972 2629 apostolicam
988 2547 1204 2632 derelinquere

76 2653 174 2734 atque
198 2651 357 2734 suscipere
381 2669 451 2713 eam
474 2667 554 2731 ques
576 2650 673 2732 neget
693 2649 820 2714 unicum
844 2650 894 2715 dei
916 2650 1026 2715 filium.
1060 2649 1133 2716 illos
1151 2649 1202 2715 el-

76 2756 161 2820 enim
184 2754 314 2819 cunctos
337 2772 415 2836 quos
436 2753 579 2831 recitaui,
602 2754 768 2836 propterca
790 2754 873 2836 quod
896 2739 1061 2819 credentes
1082 2754 1197 2819 inerint

74 2859 106 2923 in
129 2859 258 2924 unicum
281 2858 333 2922 dei
354 2858 465 2936 filium,
488 2856 594 2921 tentos
616 2875 653 2922 ao
675 2857 758 2922 telos
782 2852 908 2922 effectos
931 2857 981 2922 esi
1002 2858 1144 2936 olerum,
1157 2857 1203 2922 si-

75 2961 204 3043 quidem
226 2963 282 3044 qui
303 2982 370 3026 noso
391 2959 620 3026 credideritis
640 2961 747 3043 (ilium
768 2981 824 3026 osec
840 2965 970 3045 patrem
991 2961 1113 3040 hebeat,
1143 2962 1200 3042 psci

36 3071 149 3130 25cero
172 3065 330 3152 creditis
350 3064 458 3146 filium
484 3068 515 3129 et
535 3067 666 3154 patrem
686 3068 717 3128 ct
734 3063 842 3146 filium
863 3060 984 3129 habeut.
1024 3064 1103 3127 haec
1125 3081 1198 3127 cum

73 3185 135 3231 uox
157 3167 200 3232 sit
221 3166 307 3232 beati
329 3166 486 3244 Iohannis,
510 3184 582 3231 cum
605 3185 665 3248 quo
689 3166 763 3247 quic
785 3165 827 3229 sit
841 3163 959 3230 iaciens
975 3166 1088 3230 chorus
1104 3183 1199 3230 senc-

72 3270 178 3335 torum
212 3271 439 3353 apostolorum,
475 3287 582 3334 omnes
611 3268 720 3351 utique
754 3269 852 3334 debes
883 3268 1078 3350 intellegere,
1112 3267 1195 3332 sicut

73 3372 278 3438 crediderunt
289 3373 432 3455 apostoli,
445 3372 529 3456 quod
540 3371 586 3437 sio
600 3371 813 3436 anteliuissent
823 3371 988 3438 credentes
998 3371 1195 3454 patriarchae

74 3475 170 3558 etque
197 3476 383 3559 prophetoe,
413 3475 457 3541 sio
487 3475 592 3539 cuncti
621 3474 674 3556 qui
701 3473 779 3539 fidei
806 3475 919 3539 merito
947 3474 1090 3540 honorati
1120 3492 1189 3538 esse

34 3587 60 3626 ³⁰
73 3579 251 3644 noscantur.
275 3597 378 3661 neque
401 3577 484 3642 enim
505 3578 623 3660 poteris
637 3577 714 3644 mihi
728 3579 871 3660 probare,
895 3578 969 3661 quis
984 3576 1075 3641 aliter
1089 3576 1197 3641 credi-

74 3679 187 3748 derunt
208 3681 367 3747 Abraham
390 3681 480 3746 Isaac
504 3681 537 3745 et
557 3682 653 3746 Iacob
676 3681 709 3745 et
730 3681 822 3746 aliter
845 3683 999 3746 Iohannes
1021 3679 1074 3743 uei
1089 3696 1197 3744 omncs

72 3785 246 3866 coapostoli
269 3785 345 3850 eius.
370 3785 397 3850 si
420 3784 502 3849 enim
520 3801 580 3848 non
594 3784 641 3848 its
655 3783 859 3852 crediderunt
874 3783 1016 3868 apostoli,
1039 3781 1076 3846 ut
1090 3781 1196 3847 oredi-

173 3972 190 4027 8
207 3974 286 4029 Deut
306 3974 348 4038 13,
368 3975 434 4027 1-5
503 3974 638 4029 2411011.
657 3975 683 4039 2,
702 3976 744 4030 22.
762 3975 795 4028 23

107 4145 240 4199 retinen
253 4145 378 4214 (neas.)
448 4146 565 4203 succus
633 4147 830 4217 epropneeae·
874 4149 907 4204 ro
924 4113 965 4202 ori
984 4148 999 4218 (ι
1014 4165 1049 4202 o.
1067 4148 1128 4215 ost.)

72 4229 104 4283 16
122 4233 237 4286 somnies
254 4238 323 4288 m.1
411 4234 443 4287 17
461 4233 507 4288 ille
525 4234 808 4290 moriatur-Latinius
889 4233 920 4289 21
940 4235 1042 4304 suscipe
1058 4237 1127 4288 m.1

71 4315 231 4372 &mm
300 4319 407 4374 mm

1045 4423 1095 4477 14*
