3050 5000
453 371 494 454 De
513 402 605 453 sancio
624 399 771 453 Athanasio
789 400 857 453 liber
874 400 894 454 1.
1198 401 1237 464 91

107 614 176 658 non
204 591 285 655 mihi
312 591 474 671 continuat
496 611 517 653 a
539 591 675 669 domino,
703 592 731 653 si
758 593 857 672 fecero
885 590 939 654 hoc
960 592 1091 655 uerbum
1113 593 1243 656 domino

107 715 177 760 meo
191 695 307 759 christo
322 693 455 776 dornini,
471 693 591 775 inferre
604 713 738 756 manum
749 713 851 756 meam
867 694 902 757 iu
917 714 997 776 eum,
1014 697 1092 775 quia
1103 694 1242 760 christus-

107 799 233 863 domiui
254 795 306 861 hio
326 803 377 862 est.
402 801 432 861 ei
452 798 558 860 suasit
578 795 692 862 Dauid
713 797 803 860 uiros
825 815 897 860 suos
919 797 1021 860 uerbis
1044 801 1074 860 et
1089 816 1153 860 uon
1164 817 1237 878 per-

107 903 200 966 misit
221 900 298 985 illis,
322 905 359 963 ul
380 904 542 982 sumentes
566 899 739 964 occiderent
762 899 853 967 Saul.
892 904 921 963 et
942 901 1082 964 surremit
1106 899 1187 966 Saul
1210 903 1240 963 et

76 1004 271 1070 ⁵desccndil
292 1006 330 1068 in
351 1005 452 1081 uiam,
477 1007 507 1067 el
527 1004 604 1068 emit
626 1002 743 1069 Dauid
759 1007 835 1084 post
857 1001 939 1068 Saul
962 1004 1087 1068 dicens:
1115 1003 1245 1067 domine·

107 1127 176 1173 rec.
201 1112 230 1171 et
252 1107 387 1188 respexit
411 1105 493 1170 Saul
508 1111 583 1188 post
598 1125 639 1190 se,
663 1110 694 1170 et
704 1107 884 1170 inclinauit
896 1125 927 1170 se
942 1105 1057 1172 Dauid
1071 1107 1109 1169 in
1123 1105 1238 1187 sociem

108 1229 204 1274 suam
226 1229 322 1292 super
342 1215 462 1273 terram
483 1213 513 1274 et
526 1210 676 1274 adorauit
698 1229 779 1288 eum,
804 1213 835 1272 et
855 1210 939 1274 dicit
953 1208 1069 1275 Dauid
1084 1209 1127 1273 ad
1142 1208 1239 1277 Smel:

106 1334 208 1396 quare
219 1314 314 1380 andis
326 1313 423 1378 uerbo
433 1313 549 1395 populi
560 1314 744 1379 dicentium:
760 1333 823 1378 ecce
834 1311 948 1378 Dauid
959 1313 1082 1394 quaerit
1094 1313 1240 1376 animam

108 1419 225 1483 tuane?
247 1423 277 1482 et
297 1437 363 1483 ecee
384 1419 420 1480 iu
442 1417 503 1482 hac
524 1419 574 1482 die
588 1419 741 1482 uiderunt
754 1417 839 1481 oculi
854 1418 912 1494 πππ,
936 1415 1086 1498 quomodo
1103 1416 1241 1480 modidil

61 1532 95 1569 ¹⁰
109 1525 141 1584 te
161 1521 310 1586 domiuus
340 1521 430 1585 hodie
456 1522 495 1585 in
521 1521 669 1585 manchus
695 1521 774 1584 meis
803 1522 839 1584 in
868 1521 1001 1602 spelaeo,
1036 1524 1065 1583 et
1093 1519 1182 1583 nolui
1212 1524 1242 1583 te

110 1625 247 1689 occidere
274 1629 303 1688 et
324 1627 454 1707 peperci
475 1625 533 1690 isloi
555 1630 586 1689 et
611 1626 701 1693 dini:
733 1645 799 1689 non
826 1625 961 1688 iniciam
982 1643 1114 1688 monum
1137 1643 1238 1686 meam

107 1730 148 1791 in
169 1729 334 1794 dominum
356 1750 469 1810 meum
492 1730 646 1810 quoniam
668 1730 805 1793 christus
827 1727 950 1792 domiui
972 1733 1025 1792 est.
1055 1727 1111 1808 qni
1133 1725 1239 1806 accepi

106 1831 247 1910 pinnam
268 1830 438 1897 chlamidis
460 1837 533 1896 tuae
553 1831 590 1896 in
604 1853 705 1896 manu
726 1852 808 1908 mea,
830 1836 861 1895 et
874 1851 926 1914 eoo
940 1831 1060 1896 eosdm?
1083 1830 1240 1895 laciniam

108 1934 280 1999 chlamidis
302 1941 383 2011 tuoe,
405 1941 434 2000 rt
455 1957 521 2001 nou
544 1937 644 2002 occidi
665 1941 703 2000 le.
748 1954 892 2019 coqnosce
914 1939 943 1998 cl
964 1934 1037 1998 uide
1059 1933 1150 1998 hodie
1165 1951 1237 2014 quo

60 2055 94 2093 1⁵
108 2041 201 2104 niam
222 2061 289 2105 non
311 2046 355 2105 est
376 2041 414 2104 iu
435 2060 536 2105 manu
558 2061 629 2105 meo
650 2039 778 2104 malitia
800 2059 898 2120 neque
919 2038 1093 2114 iniustitia,
1123 2041 1152 2100 et
1173 2055 1238 2099 non

102 2144 239 2225 peccaui
261 2144 299 2207 in
320 2148 358 2222 te,
384 2149 413 2207 el
433 2148 469 2208 tu
490 2145 618 2226 quoeris
639 2145 786 2207 animam
808 2162 911 2205 meam
934 2141 1084 2222 accipere.
1124 2139 1245 2203 iudicet

109 2247 259 2311 dominus
281 2248 367 2311 inter
388 2267 436 2311 me
457 2251 487 2312 et
508 2253 546 2325 te,
569 2251 598 2312 el
619 2246 802 2310 uindicabii
822 2266 871 2308 me
886 2245 924 2308 de
938 2249 977 2323 te,
1002 2262 1119 2307 monus
1134 2247 1238 2307 autem

108 2370 182 2414 mea
204 2370 270 2414 non
293 2352 355 2414 erit
375 2351 411 2414 in
434 2355 471 2415 te.
516 2352 599 2415 sicut
621 2351 741 2414 dicitur
756 2349 919 2431 parabola
942 2349 1089 2428 antiqua,
1113 2365 1151 2410 eu
1171 2346 1240 2409 ini-

108 2453 182 2535 quis
202 2454 283 2518 calet
304 2454 457 2536 nequitia.
494 2471 612 2519 monus
634 2457 739 2519 πππππ
761 2473 830 2517 nna
853 2471 917 2517 non
939 2451 1000 2516 erit
1021 2452 1058 2515 in
1081 2453 1118 2516 te.
1156 2453 1243 2514 retro

60 2562 94 2616 so
108 2578 200 2639 quem
214 2562 250 2622 ππ
258 2558 481 2640 persequeris?
503 2578 613 2623 canem
626 2562 788 2622 mortuum
809 2561 837 2621 et
858 2561 939 2621 retro
959 2554 1098 2637 pulicem
1113 2554 1243 2617 uuum?

109 2661 171 2742 fiat
191 2660 340 2725 domiuus
361 2664 398 2725 in
419 2663 556 2725 iudicem
578 2667 609 2725 et
628 2663 666 2725 ππ
687 2662 846 2726 uindicem
868 2661 954 2724 iuter
975 2678 1023 2723 me
1045 2662 1073 2722 et
1094 2659 1177 2721 inter
1198 2662 1239 2723 π.

109 2760 220 2825 uideat
241 2762 388 2826 dominus
410 2766 439 2825 et
460 2762 578 2826 iudicet
600 2762 758 2826 iudicium
779 2781 882 2825 meum
909 2767 938 2825 el
966 2762 1115 2844 iustihcet
1136 2781 1184 2824 me
1201 2781 1239 2824 ec

109 2882 211 2928 manu
233 2869 300 2930 tua.
345 2863 420 2929 talis
442 2882 510 2928 mos
533 2865 582 2929 cot
605 2864 655 2929 dei
677 2864 850 2929 cultoribus
871 2864 973 2931 'comm
988 2882 1151 2929 reseruari
1168 2865 1238 2941 deo,

108 2967 249 3032 scientos
272 2986 343 3032 osso
365 2986 515 3050 magnum
537 2967 691 3031 uindicari
717 2968 755 3031 ab
781 2986 827 3033 oo.

64 3091 95 3131 os
154 3070 228 3134 XV:
246 3072 383 3149 Interea,
413 3071 506 3135 sicuti
536 3072 679 3154 superius
708 3071 781 3149 dixi,
811 3072 885 3138 uide
914 3070 1000 3148 Saul,
1031 3072 1084 3137 ubi
1112 3091 1243 3155 compos

109 3174 226 3238 montis
249 3175 307 3251 ost,
332 3191 413 3255 quac
435 3174 531 3252 dicat,
556 3175 589 3238 ππ
610 3174 665 3240 ubi
680 3175 770 3257 inpos
788 3174 931 3252 officitur,
956 3174 1111 3256 quomodo
1130 3170 1242 3240 sitiens

110 3275 154 3341 sii
175 3277 281 3340 Dauid
302 3277 379 3341 iusti
403 3277 434 3340 ot
455 3278 630 3343 innocentis
654 3279 853 3365 sanguinem:
877 3280 1042 3361 olfactum
1056 3286 1110 3359 cst,
1125 3279 1237 3361 inquil,

109 3402 183 3444 cum
205 3385 450 3444 consummasset
471 3380 586 3446 Dauid
607 3383 706 3446 uerbo
727 3382 804 3446 haec
827 3383 953 3464 loquens
975 3382 1019 3446 ad
1042 3380 1132 3458 Saul,
1155 3383 1241 3445 dicit

111 3480 211 3547 Saul:
234 3502 299 3547 uon
321 3488 378 3547 tua
399 3483 485 3559 haec,
509 3484 560 3566 fili
581 3482 722 3549 Dauid?
743 3490 772 3548 et
793 3484 989 3549 adclamauit
1009 3482 1091 3550 Saul
1119 3489 1150 3548 et
1164 3483 1238 3567 plo-

65 3604 96 3644 oo
110 3587 211 3650 rauit.
256 3591 287 3650 et
307 3587 390 3651 dicit
413 3587 458 3651 ad
478 3586 608 3653 Dauid:
640 3589 743 3652 iustus
766 3608 797 3653 es
821 3592 855 3651 ππ
878 3608 974 3669 quam
997 3608 1061 3672 eqo,
1086 3590 1240 3668 quoniam

111 3693 148 3752 ππ
168 3688 337 3756 reddidisti
359 3689 439 3752 mihi
461 3690 553 3768 hona,
577 3710 630 3774 eqo
653 3695 759 3755 autem
781 3690 915 3755 retribui
936 3692 1027 3755 mala
1049 3690 1116 3759 tibi.
1144 3694 1237 3756 etre-

109 3787 275 3859 nunliahti
295 3792 377 3858 mihi
398 3793 489 3859 hodie
510 3814 590 3875 quae
611 3793 714 3875 fecisti
740 3794 822 3858 mihi
844 3793 939 3871 lona,
975 3796 1057 3859 sicul
1086 3794 1239 3859 conclusit

213 3984 245 4036 m
264 3982 278 4035 1
294 3982 359 4051 seg.
378 3983 420 4047 24,
439 3982 540 4035 17-23

161 4136 273 4191 8douii
290 4141 358 4191 m.1
403 4190 418 4209 ⁴
446 4136 479 4189 10
497 4136 585 4205 speleo
666 4136 699 4189 20
717 4136 897 4205 persequaeris
983 4136 1017 4189 23
1035 4138 1140 4190 'mium
1159 4138 1187 4202 π’·
1203 4154 1231 4190 m

107 4226 173 4291 rec.)
266 4224 399 4276 otiolum
416 4224 584 4276 rasamenta
679 4222 712 4274 25
730 4223 814 4276 secuti
832 4227 900 4276 m.1
997 4222 1030 4275 26
1049 4222 1083 4276 ad
1101 4227 1168 4276 mal

107 4342 182 4396 mpor
200 4326 215 4392 (¹
233 4344 268 4380 m.
286 4329 350 4394 rec.)
421 4325 564 4395 coinquid
633 4326 665 4379 81
683 4326 766 4379 tribui
784 4344 800 4380 o
