3050 5000
169 2303 190 2370 C

292 354 330 418 18
778 347 929 402 Luciferi

290 541 361 618 iste,
385 540 476 604 cuius
500 557 602 604 sermo
632 539 668 602 ut
690 554 804 602 cancer
832 537 864 602 in
891 537 924 602 te
954 536 1124 602 fortissime
1155 535 1236 602 adeo
1258 534 1429 618 serpserit,

290 645 326 708 ut
347 644 433 708 totus
455 643 521 706 iam
543 660 656 706 cancer
680 659 750 706 esse
774 640 929 715 comaris3
953 659 1011 706 nec
1030 639 1148 723 poteris
1172 639 1281 704 dicere
1305 640 1339 704 te
1363 657 1428 702 non

290 745 372 820 Arrii
395 763 582 811 cancerasse
604 762 793 820 sermonem,
822 761 895 807 cum
924 743 1006 808 fetor
1028 743 1257 816 cancerationis
1279 744 1360 808 tuae
1385 741 1431 804 ad

291 867 414 913 omnem
435 847 616 930 peruenerit
637 847 728 930 regni
749 846 797 910 tui
818 846 925 910 locum
949 847 982 910 et
1003 845 1110 910 cuncti
1131 847 1165 912 te
1187 846 1292 912 uitare
1314 846 1428 910 statu-

292 953 418 1028 erimus,
448 969 487 1016 ue
511 952 543 1014 et
564 950 625 1031 ipsi
647 950 736 1032 peste
757 950 816 1014 tua
836 949 972 1014 Arriano
992 968 1243 1016 canceraremur.
1289 950 1349 1025 sic,
1372 949 1428 1012 in-
1456 966 1468 1006 ⁵

292 1075 396 1138 quam,
421 1054 528 1118 sectus
552 1053 600 1118 est
624 1053 718 1134 atque
740 1051 902 1134 proiectus
916 1053 992 1118 tuus
1006 1053 1159 1135 magister
1175 1052 1296 1130 Arrius,
1319 1051 1361 1116 ut
1377 1051 1431 1116 ast

291 1159 397 1223 sectus
421 1158 453 1221 et
474 1155 612 1220 reiectus
636 1153 804 1232 sabellius,
829 1155 883 1236 qui
904 1154 1001 1220 fuerit
1023 1175 1118 1220 ausus
1140 1175 1236 1220 uuam
1259 1173 1330 1220 esse
1347 1174 1428 1236 per-

292 1280 401 1327 sonam
422 1260 545 1343 patrem
570 1260 601 1322 et
623 1257 725 1322 filium
749 1258 782 1322 et
803 1258 950 1340 spiritum
973 1260 1118 1324 sanctum
1142 1258 1321 1336 defendere,
1349 1258 1429 1340 quia

290 1364 386 1430 luerit
416 1381 511 1428 ausus
542 1362 647 1427 dicere
675 1361 781 1443 ipsum
810 1362 871 1427 sibi
903 1363 936 1428 et
963 1364 1087 1445 patrem
1115 1382 1185 1428 esse
1210 1361 1371 1427 etlilium
1395 1361 1430 1426 et

291 1466 436 1550 spiritum
454 1466 615 1540 sanctum
641 1464 763 1530 excisus
780 1465 838 1541 est,
863 1465 938 1546 quia
952 1464 1057 1530 dicere
1072 1486 1132 1532 nou
1150 1465 1312 1542 dubitarit,
1338 1465 1465 1547 quod1⁰

292 1572 374 1636 enim
389 1571 458 1652 ipse
473 1570 564 1652 pater
578 1569 610 1632 in
625 1569 714 1633 utero
729 1568 863 1651 uirginis
883 1569 1066 1634 mcarnatus
1082 1570 1124 1635 sit
1140 1570 1173 1634 et
1185 1568 1282 1633 fuerit
1295 1585 1428 1649 passus.

291 1674 336 1738 sic
349 1673 492 1738 Marcion
505 1691 539 1736 se
557 1671 696 1736 excisum
707 1671 850 1754 proiecit,
868 1673 922 1754 qui
934 1673 1073 1738 noluerit
1085 1673 1136 1738 dei
1147 1673 1250 1738 filium
1261 1672 1430 1736 hominem

292 1776 471 1859 suscepisse
502 1773 645 1840 confiteri
677 1774 716 1838 de
744 1775 835 1840 utero
865 1775 997 1859 uirginis
1029 1777 1062 1841 et
1087 1795 1144 1859 per
1172 1777 1232 1842 hoc
1261 1775 1430 1840 hominem

291 1880 421 1943 factum.
467 1878 512 1944 sic
537 1877 660 1943 excisus
685 1879 851 1960 astatque
877 1880 1020 1946 abiectus
1041 1881 1172 1946 Paullus
1195 1879 1429 1944 Samosatenus

290 1981 416 2050 Photini
438 1981 591 2064 magister
614 2001 631 2046 e
654 1999 784 2063 corpore
808 1982 974 2060 ecclesiae,
1005 1983 1079 2066 quia
1100 1982 1196 2048 luent
1219 1982 1325 2046 dicere
1350 1981 1429 2064 dig-
1442 2000 1464 2038 1⁵

291 2088 384 2152 natus
406 2085 565 2152 homiuem
587 2085 712 2150 tantum
735 2083 788 2148 dei
810 2083 920 2150 filium.
944 2085 989 2150 sic
1013 2087 1046 2152 et
1060 2086 1246 2151 cunctarum
1261 2084 1430 2150 sectarum

291 2189 443 2255 haeretici
465 2189 538 2254 sunt
559 2187 704 2270 praecisi,
728 2188 766 2252 ut
788 2188 837 2252 est
857 2188 968 2254 Ardua
990 2189 1152 2271 praecisus
1174 2187 1273 2270 utque
1294 2187 1343 2265 tn,
1372 2187 1430 2268 qui

289 2294 464 2376 propterea,
490 2291 573 2372 quod
597 2290 685 2358 dicas
710 2289 748 2354 de
773 2290 825 2356 dei
846 2291 940 2356 unico
962 2291 1045 2358 filio:
1067 2294 1174 2375 factas
1197 2294 1243 2356 eat
1263 2311 1302 2354 66
1317 2289 1429 2355 nihilo
1478 2328 1480 2331 -

292 2401 321 2460 et
335 2417 399 2462 666
414 2401 458 2462 est
473 2415 569 2460 66666
584 2394 683 2476 pitius,
699 2398 769 2458 erat
783 2395 911 2474 quando
927 2415 991 2460 666
1005 2400 1084 2474 erat,
1101 2392 1242 2458 exscindi
1256 2393 1427 2457 merueris.

292 2500 406 2565 exscisi
426 2499 525 2581 igitur
549 2496 626 2566 estis
650 2495 758 2561 cuncti
780 2495 957 2579 blasphemi
981 2498 1076 2580 atque
1098 2496 1211 2562 reiecti
1232 2496 1354 2568 uirtute
1375 2496 1428 2561 dei
1441 2512 1464 2551 a

293 2602 332 2666 de
356 2602 493 2666 ecclesia
517 2601 584 2667 eius
607 2601 805 2677 clementiae,
829 2602 986 2682 quianon
1009 2601 1132 2666 fueritis
1154 2601 1187 2665 in
1203 2619 1242 2664 ea
1255 2601 1428 2665 manentes

292 2705 365 2782 fide,
389 2704 420 2768 in
444 2722 507 2785 qua
527 2703 701 2769 manserint
722 2703 921 2784 patriarchae
935 2704 1107 2787 prophetae
1124 2702 1257 2786 apostoli
1281 2720 1319 2775 66
1334 2722 1427 2767 mar-

291 2807 386 2891 tyres.
431 2808 524 2871 homo
549 2806 672 2871 excisus
695 2824 767 2870 cum
790 2807 933 2873 omnibus
949 2806 1214 2889 comblasphemis
1229 2805 1293 2871 tuis
1317 2824 1428 2870 ecor-

291 2930 367 2993 pore
391 2910 520 2975 sanctae
544 2908 709 2986 ecclesiae,
733 2910 840 2975 iacens
862 2909 893 2973 iu
909 2910 1028 2975 diaboli
1043 2910 1176 2987 sentina,
1201 2907 1299 2973 audes
1316 2908 1428 2973 dicere

294 3012 335 3077 ad
358 3032 444 3078 eam:
469 3019 531 3079 esto
553 3014 629 3079 tatis
651 3019 686 3078 at
708 3034 780 3081 aum
802 3033 866 3098 epo,
889 3035 949 3096 qao
965 3021 1071 3096 poesis
1094 3013 1157 3078 tati
1177 3012 1463 3094 conprimerent

292 3137 353 3197 quo
375 3135 446 3180 sam
469 3121 499 3183 et
520 3117 588 3196 ipse
609 3121 823 3198 consumptas.
869 3116 914 3181 sic
939 3117 1178 3182 existimaueras
1201 3133 1257 3181 nos
1279 3114 1427 3196 potuisse

291 3218 455 3283 uobiscum
481 3219 658 3297 conuenire,
680 3220 845 3300 tamquam
860 3237 921 3283 non
935 3220 1145 3284 retineremus
1162 3217 1276 3283 dixisse
1287 3201 1428 3283 ⁴beatum

292 3320 457 3385 Paullum:
478 3324 695 3403 praecipimus
718 3328 825 3388 autem
839 3324 939 3402 uobis,
954 3324 1082 3405 fratres,
1106 3324 1143 3387 ia
1158 3323 1286 3387 nomiae
1298 3322 1428 3386 domiai

292 3424 396 3487 acutri
418 3423 492 3489 Iesu
511 3424 643 3503 Christi,
667 3430 702 3489 at
717 3426 914 3491 subtrahatis
936 3446 992 3491 666
1005 3428 1047 3491 ab
1061 3427 1150 3493 66661
1163 3425 1268 3507 fratre
1284 3425 1427 3505 inquiete

294 3524 477 3590 ambulante
500 3532 529 3591 et
551 3548 618 3591 666
639 3529 812 3593 somatum
842 3528 1048 3595 traditionem
1070 3550 1167 3612 qaam
1190 3531 1381 3607 acceperuut
1405 3539 1462 3591 631

293 3628 390 3695 cobis,
414 3647 494 3711 quae
519 3629 644 3695 efficere
666 3631 814 3712 potuerat
834 3630 925 3709 ratio,
954 3633 991 3695 ut
1013 3632 1198 3697 deserentes
1225 3631 1311 3693 uiam
1342 3648 1426 3711 quae

296 3731 385 3796 ducit
417 3732 457 3796 ad
491 3733 651 3799 caelorum
682 3752 781 3817 regna
809 3734 1134 3817 conprehenderemus
1166 3733 1307 3798 uestram
1342 3752 1426 3814 quae

396 3886 429 3939 28
447 3885 473 3939 ll
491 3886 580 3941 Thess.
599 3886 624 3951 3,
644 3889 660 3941 6

344 4022 360 4075 3
379 4040 496 4077 sermone
514 4025 585 4079 corti.
608 4024 781 4079 Galluadiae
850 4024 866 4075 5
884 4040 1081 4079 canceraremur
1094 4027 1164 4079 coni.
1181 4024 1358 4078 Geticoeda'aes

294 4108 326 4160 ll
345 4109 414 4161 euim
430 4110 460 4177 V,
479 4109 593 4163 etiamo
664 4108 696 4162 12
713 4108 832 4163 Marcion
844 4126 871 4163 sc
884 4104 1003 4179 scripsi,
1012 4111 1170 4163 marcionem
1186 4111 1225 4164 Vc
1298 4109 1330 4164 18
1349 4110 1427 4161 unico

293 4193 338 4263 (aa
355 4210 438 4255 unoco
457 4197 536 4261 6666.)
556 4195 611 4248 filio
627 4196 658 4259 V,
677 4195 820 4251 consilioo
889 4196 992 4252 excindi
1060 4196 1094 4249 20
1112 4196 1233 4249 66616616
1304 4194 1338 4247 23
1358 4210 1427 4248 cum·

292 4277 452 4347 blasphemis
522 4280 555 4334 26
573 4282 629 4349 666]
649 4295 735 4334 nouo
