3050 5000
412 362 453 416 De
471 379 524 417 non
543 364 722 418 conueniendo
740 382 799 420 eum
816 367 962 422 haereticis.
1210 371 1247 437 11

128 551 204 616 deus
236 571 307 616 eum
329 551 442 636 Israel,
470 572 577 617 omues
602 553 667 635 otio·
688 554 841 635 Epinesia,
870 557 950 636 quio
978 558 1008 620 si
1035 562 1064 622 te
1084 559 1249 623 eatstbreu·

127 655 212 718 ueris
228 654 419 736 praeoedere
441 656 478 719 ia
499 657 579 738 tatis,
604 657 639 720 ia
661 657 774 740 fenum
796 660 1156 725 eomeeeaaomeaes
1171 667 1247 726 uate

125 757 283 830 inimicos,
307 757 385 838 quio
399 763 443 822 est
458 759 564 824 hirtas
580 781 601 823 u
615 762 750 838 domino,
775 781 911 844 quonam
922 763 1016 828 modo
1030 764 1250 830 resisteremus

127 863 239 926 eontra
261 862 430 940 diabolum,
454 863 481 928 si
502 863 535 928 in
556 864 645 930 tanto
661 864 782 932 scelere
804 866 911 930 uestro
932 884 1129 934 ourreremus
1145 867 1249 932 nobis-

99 977 200 1030 ⁵eum
224 984 296 1030 oum
318 967 460 1034 hostibus
485 967 546 1046 dei,
575 987 648 1032 oum
673 968 851 1036 hominibus
876 968 1013 1035 inuentis
1043 971 1110 1036 sine
1138 970 1253 1034 notitia

127 1067 188 1146 dei,
220 1087 293 1134 erum
321 1068 416 1134 deum
443 1087 504 1134 non
532 1070 728 1150 habentibus,
756 1073 789 1136 in
815 1091 896 1154 quos
925 1073 1086 1140 cateruam
1114 1073 1252 1138 seiamus

128 1190 197 1238 esse
233 1173 440 1238 daemonum?
484 1191 584 1256 noque
614 1174 696 1240 enim
725 1175 858 1257 potestis
892 1194 949 1241 uos
979 1195 1052 1242 esse
1085 1177 1253 1259 negatores

127 1275 213 1340 uniei
228 1275 286 1340 filii
302 1276 354 1342 dei
370 1277 435 1342 sine
452 1276 635 1355 daemoniis,
651 1295 724 1342 oum
738 1278 958 1360 blasphemare
972 1298 1030 1344 uos
1050 1297 1112 1344 non
1134 1279 1254 1344 faeiant

127 1380 187 1446 nisi
215 1379 262 1446 illi
292 1381 346 1463 qui
374 1381 483 1446 uestra
510 1379 711 1446 oaeoauorint
737 1380 843 1459 eorda,
871 1399 911 1446 ne
939 1381 1092 1448 uidelicet
1112 1381 1256 1463 possita

90 1483 218 1550 10uobis
240 1483 358 1548 ueritas
380 1482 599 1567 conprehendi.

170 1585 208 1650 V.
243 1585 477 1671 Numquidnam
511 1587 714 1668 potueramus
748 1587 780 1652 in
818 1588 925 1654 uestra
967 1586 1122 1653 demorari
1154 1586 1256 1668 parte,

129 1689 306 1754 consentire
318 1688 432 1754 uestris
447 1689 701 1772 flagitiosissimis
712 1689 979 1767 meditationibus,
996 1708 1069 1757 eum
1083 1708 1139 1771 per
1149 1687 1257 1754 Dauid

128 1793 302 1876 gloriosum
325 1791 411 1856 diost
432 1791 560 1874 spiritus
583 1793 711 1860 sanetus
734 1811 795 1856 non
817 1810 888 1859 esse
909 1793 1021 1858 beatos
1035 1792 1097 1856 nisi
1123 1809 1178 1856 eos
1200 1789 1256 1871 qui

129 1915 163 1961 se
187 1895 397 1962 abstraxerint
430 1913 448 1958 a
476 1895 565 1960 uobis
596 1896 681 1962 unici
708 1894 766 1960 filii
798 1895 850 1960 dei
876 1896 1089 1978 negatoribus,
1119 1912 1173 1958 eos
1200 1892 1256 1974 qui

93 1998 315 2080 usurpantium
345 1997 587 2080 cogitationibus
614 1998 728 2064 uestris
756 2017 816 2064 non
854 2018 888 2064 se
921 1998 1105 2065 miscuerint
1143 1995 1258 2062 beatos

129 2087 253 2166 tentum
276 2104 461 2166 mansuros?
492 2101 613 2164 *hostes
635 2103 690 2182 qut
711 2121 778 2166 ooo
793 2102 875 2165 abiit
887 2103 924 2165 ie
937 2102 1070 2166 ennodio
1084 2101 1256 2180 motorum

130 2208 160 2270 et
180 2205 219 2268 oa
246 2205 303 2268 oia
329 2209 527 2284 peecatorum
554 2224 620 2268 noa
646 2205 730 2268 stetit
758 2208 788 2267 et
814 2204 851 2267 ia
876 2203 1029 2268 eatbam
1050 2202 1258 2284 pestilentiae

130 2326 195 2372 noa
219 2307 309 2372 sedit
354 2305 509 2388 quomodo
533 2305 617 2370 esset
638 2305 728 2370 uobis
750 2306 785 2370 et
806 2306 895 2372 nobis
910 2290 1001 2370 unius
1016 2306 1079 2370 looi
1093 2304 1256 2370 eonuenti-

132 2409 260 2476 ouium?
303 2427 376 2474 oum
411 2408 521 2474 audias
553 2407 631 2472 item
659 2407 763 2475 Dauid
792 2407 898 2472 dieere
930 2409 963 2472 in
994 2408 1116 2490 psalmo
1151 2407 1256 2472 serto:

132 2616 258 2683 hunam
270 2616 479 2698 iniquitatem,
492 2614 600 2681 iudica
612 2614 648 2677 tu
662 2615 808 2697 princeps
823 2614 855 2679 in
866 2614 1033 2697 saerilegio
1044 2614 1257 2691 Arrianorum,

134 2721 185 2803 qui
207 2739 282 2785 oum
302 2719 448 2784 dieamus
473 2736 529 2785 nos
558 2716 761 2795 Christianos,
790 2717 931 2783 horribili
958 2717 1156 2784 animositate
1183 2734 1258 2797 per-

134 2823 283 2906 sequeris.
328 2822 414 2887 reete
437 2821 533 2905 igitur
557 2822 638 2887 seias
661 2838 717 2885 nos
732 2819 846 2887 fauisse
861 2820 1038 2886 resedendo
1054 2839 1073 2884 a
1088 2820 1178 2887 uobis
1199 2819 1258 2883 deo

135 2924 312 2994 odibilibus.
358 2922 514 3007 quomodo
548 2922 666 2987 etenim
700 2940 757 2987 nos
789 2923 822 2990 in
856 2922 948 2987 eoetu
980 2922 1087 2989 uesho
1116 2921 1259 2987 omnibus

99 3027 324 3096 utaeinoribns
344 3026 460 3093 infecto
482 3043 610 3092 manere
640 3023 671 3088 et
698 3042 759 3089 non
790 3042 847 3089 uos
875 3025 981 3106 pestes
999 3043 1035 3089 ae
1058 3024 1128 3089 lues
1148 3024 1259 3105 iugero

137 3130 308 3197 deonerat?
352 3150 424 3195 oum
452 3129 538 3199 ditat
565 3147 602 3192 er
627 3146 761 3210 persona
787 3128 893 3213 populi
921 3128 1019 3194 nostri
1045 3128 1077 3192 in
1107 3125 1259 3191 uioesimo

138 3233 243 3315 quinto
266 3233 404 3315 psalmos
433 3234 587 3315 quoniam
615 3233 836 3297 misericordie
864 3236 922 3297 tue
947 3236 1023 3297 uate
1051 3231 1156 3295 oeulos
1176 3249 1260 3297 meos

137 3341 190 3413 est,
215 3340 243 3401 et
266 3336 492 3419 conploratio
514 3336 647 3401 omimte
669 3340 735 3403 tua.
774 3355 840 3400 aeae
861 3335 926 3401 sedi
949 3336 986 3397 ta
1006 3334 1139 3399 ennodio
1160 3333 1259 3397 nund-

139 3439 215 3503 tato
237 3442 266 3503 et
288 3458 359 3503 eom
381 3438 497 3519 sabea
516 3437 694 3521 qereatihoes
715 3455 781 3501 aaa
810 3436 955 3519 introibo,
983 3437 1071 3502 odiet
1099 3435 1258 3501 eeclesiam

102 3561 127 3601 ao
139 3541 389 3625 medioreaate‘um
411 3546 440 3605 et
461 3561 530 3605 eaor
552 3541 662 3621 imptis
676 3560 742 3605 οοο
755 3540 870 3608 sedebo.
908 3540 935 3604 si
949 3558 1011 3604 non
1026 3539 1076 3603 est
1091 3537 1261 3603 eonoihum

241 3798 273 3851 16
291 3796 334 3852 Ps.
354 3798 378 3862 l,
399 3801 410 3852 1
482 3798 514 3851 27
532 3795 575 3852 Ps.
594 3797 636 3858 25,
655 3797 671 3849 3

193 4027 207 4076 l
227 4022 316 4075 effrem
384 4020 400 4074 3
414 4036 526 4089 quonam
540 4018 620 4072 modo
639 4019 749 4087 scripsi,
770 4019 813 4085 (Tm
824 4016 902 4071 modo
916 4018 942 4071 V
952 4017 982 4083 (i.
995 4032 1015 4069 e.
1029 4015 1151 4083 qnoniam
1166 4012 1263 4080 modo),

143 4108 297 4179 quomodoo
366 4104 533 4161 idemonum
544 4110 603 4159 m.1
673 4102 1014 4169 beeeauerinteteaepiae
1026 4101 1195 4153 intorsere

144 4195 301 4251 bononiae
383 4193 412 4247 11
432 4191 614 4260 numquitnam
695 4188 727 4243 16
744 4188 831 4243 habiit
916 4187 950 4240 23
967 4202 1028 4240 noe*
1052 4185 1092 4254 (ti
1110 4188 1193 4253 erae.)

143 4281 176 4333 24
194 4284 253 4335 eetu
320 4279 354 4333 29
373 4277 483 4331 ecelesia
551 4274 585 4327 30
603 4273 740 4327 concilium
757 4292 782 4337 o,
801 4272 938 4326 eonsilium
959 4274 985 4327 V
