3050 5000
504 400 545 453 De
563 398 669 468 regibus
687 401 850 467 apostaticis.
1198 401 1241 466 43

111 589 211 653 fuisse
232 587 389 665 tanatum,
414 587 446 651 ei
467 588 573 651 tamen
597 585 805 669 superuirerit
829 587 916 650 annis
940 605 1034 670 quam
1049 589 1192 671 plurimis
1208 591 1242 654 et

113 692 242 775 quidem
264 691 296 756 in
313 708 349 755 eo
366 690 486 756 scelere
508 708 649 767 manens,
666 691 749 755 siout
764 690 917 772 seriptum
934 691 1002 754 est:
1026 697 1053 755 et
1068 697 1138 756 eret
1151 693 1239 756 lamo
1320 771 1322 776 Α

113 817 153 861 ee
175 801 279 860 memte
300 794 466 876 Eplraem
481 813 591 859 seruas
607 794 798 879 Salomonis,
823 801 851 860 el
866 815 981 861 mamea
995 797 1024 860 ei
1039 801 1109 859 erat
1123 795 1240 860 Hiere-

112 901 215 980 boam,
240 905 269 964 el
289 919 404 964 mamea
425 899 542 963 matris
563 900 631 964 eius
653 904 722 963 erat
737 899 896 976 Saeleam,
920 899 1036 964 mulier
1049 899 1241 979 formicaria,

80 1003 148 1067 aa
170 1002 232 1067 alio
253 1002 341 1066 loeo:
364 1008 393 1067 et
413 1002 536 1083 saetam
556 1007 602 1067 est
622 1007 658 1067 al
673 1003 801 1068 aadiaii
822 1004 924 1067 amaia
948 1000 1064 1085 Israel,
1088 1004 1243 1084 qaoaiam

113 1127 259 1172 reuersas
281 1112 327 1171 est
340 1105 514 1171 Hieroboas
535 1127 573 1170 ea
591 1107 744 1193 Aeqyplo,
768 1111 797 1171 el
818 1107 974 1172 misereat
995 1112 1023 1170 el
1044 1111 1243 1170 aoeaaeraal

112 1231 186 1274 eam
208 1212 246 1301 ia
267 1229 430 1294 syaaaoya
451 1215 480 1274 el
501 1210 771 1292 reaaifieaaeraal
793 1230 862 1274 eam
885 1212 921 1274 ia
943 1208 1059 1290 Israel,
1091 1210 1122 1273 et
1142 1208 1240 1273 infra:

112 1319 143 1378 el
157 1313 244 1378 diali
255 1313 429 1379 Hieroboas
443 1315 481 1376 ia
496 1313 584 1377 eorde
599 1331 671 1378 saa.-
685 1333 772 1378 aaae
783 1317 958 1377 eeaeeleme
973 1333 1106 1396 mamam
1117 1312 1241 1379 Daaid.

113 1417 145 1481 si
162 1417 340 1481 aseeaoleeil
353 1416 496 1498 populas
518 1415 570 1481 lile
591 1417 786 1498 saeriyieium
809 1417 922 1497 offerre
945 1418 982 1480 ia
1005 1417 1096 1482 domo
1119 1417 1243 1482 domiai

68 1536 98 1574 1⁰
114 1521 153 1584 ia
174 1521 393 1597 Hierusalem,
417 1525 447 1585 el
467 1525 666 1585 eoaaerlelar
689 1539 742 1584 eor
763 1520 874 1601 papali
895 1522 938 1585 ad
961 1520 1125 1585 damietam
1148 1539 1242 1586 seam

116 1622 259 1688 Βοὸοαηι
280 1643 380 1707 reaem
403 1622 500 1688 Iada.
525 1627 602 1688 lame
623 1625 725 1706 iyilar
745 1623 923 1688 Hieroboas
938 1623 1090 1706 eoqllaail
1105 1628 1135 1690 el
1149 1624 1241 1691 abiit.

113 1731 147 1791 el
166 1727 243 1810 feeit
262 1729 347 1792 aeas
375 1726 499 1791 allalas
525 1746 641 1791 aaeeas
668 1731 698 1792 el
718 1727 805 1792 dieii
833 1727 877 1791 ad
898 1727 1070 1808 papalem:
1100 1726 1243 1809 sufficiat

113 1830 205 1895 mobis
228 1829 405 1895 ascendisse
426 1830 463 1894 ia
485 1830 697 1895 Hierusalem.
733 1851 797 1896 eeee
819 1835 894 1895 saal
916 1830 965 1893 elii
987 1831 1037 1894 lai
1060 1829 1164 1896 Israel
1186 1831 1243 1912 qai

113 1934 311 1999 redaaeraal
330 1938 361 1998 le
381 1933 419 1998 de
436 1939 522 1998 terea
546 1932 693 2017 Aeaypli.
717 1939 748 1998 el
763 1936 873 2015 pesail
894 1954 996 1999 amam
1018 1935 1056 1998 ia
1079 1932 1192 1999 Bella
1214 1938 1243 1998 el

71 2048 100 2088 ¹⁵
114 2058 218 2102 amam
238 2037 327 2103 dedit
347 2039 385 2102 im
406 2037 496 2104 Dan.
528 2041 558 2102 et
577 2039 700 2120 saetam
722 2044 766 2104 est
787 2039 842 2104 leae
862 2041 994 2106 merlam
1017 2041 1241 2121 impacatam,

115 2147 147 2206 el
168 2142 367 2206 antecedebat
383 2141 528 2223 populas
550 2146 624 2206 aale
644 2141 762 2222 faeiem
776 2144 874 2208 anias
895 2145 1019 2209 allalae
1040 2161 1138 2225 aseae
1152 2141 1243 2207 Daa.

114 2249 146 2309 el
167 2245 308 2326 feeeraal
329 2244 437 2309 domos
457 2246 494 2308 ia
517 2244 680 2321 eaeelsam,
703 2249 735 2310 el
754 2246 830 2327 feeit
851 2247 1025 2312 saeeealales
1035 2250 1164 2327 pariam
1178 2244 1242 2309 ali-

115 2368 215 2430 qaam
231 2347 357 2429 papali,
381 2349 439 2430 qai
461 2369 525 2413 moa
547 2359 639 2413 eram
661 2369 699 2413 aa
719 2349 801 2431 fillis
822 2349 912 2416 Leai.
937 2349 1052 2431 elfeee'l
1068 2349 1244 2413 Hieroboas

117 2451 205 2517 diem
226 2453 340 2533 festam
361 2453 398 2517 ia
420 2471 525 2519 measa
548 2457 658 2518 aeteae
680 2453 717 2517 ia
732 2453 849 2535 aalma
863 2453 987 2518 deeima
1002 2452 1121 2517 mease's
1136 2469 1244 2517 secam

73 2582 103 2623 ao
116 2558 195 2623 dam
217 2558 301 2622 diem
320 2556 435 2637 sestam
458 2556 554 2639 Iada,
577 2562 608 2621 el
627 2557 773 2621 aseendit
792 2558 829 2621 ia
851 2558 995 2621 sacraria
1017 2556 1100 2637 qaod
1119 2556 1193 2638 feeit
1207 2555 1245 2617 ia

117 2659 241 2742 Bellel,
263 2664 300 2726 al
322 2661 520 2743 sacrifiea-rel
541 2667 615 2725 ame
635 2657 759 2726 ailalas
781 2680 863 2742 qaas
876 2661 958 2742 feeit,
983 2665 1011 2724 el
1026 2662 1189 2725 eoaslilail
1206 2661 1244 2723 ia

119 2764 232 2830 Belial
244 2766 614 2831 sacerdotesexcelsorum
625 2766 796 2847 qaesfeell.
820 2769 850 2830 el
861 2764 1004 2830 aseemlil
1015 2764 1052 2828 ia
1063 2765 1244 2828 sacrariam

117 2870 202 2951 qaod
222 2869 299 2952 t'eeil
319 2872 357 2935 ia
379 2870 490 2951 qaimo
505 2870 623 2934 melma
637 2870 689 2934 die
704 2889 809 2933 measa
823 2874 931 2933 oelaaa
948 2868 983 2930 ia
998 2867 1049 2932 elie
1063 2868 1141 2949 festo
1156 2886 1246 2948 qoem

117 2974 216 3055 deaii
238 2994 260 3037 a
282 2978 458 3053 cartesae,
482 2978 510 3037 ei
531 2974 607 3054 feeit
627 2972 711 3037 diem
731 2974 845 3055 festam
866 2973 948 3055 alles
970 2970 1084 3035 Israel.

76 3098 106 3137 aa
162 3076 237 3139 IIII.
261 3076 341 3141 Nolo
365 3094 439 3158 ergo
462 3076 605 3158 glorieris
622 3077 715 3159 quod,
738 3096 811 3139 oum
825 3074 1038 3139 idololatriam
1062 3073 1104 3137 sis
1120 3089 1243 3155 gerens,

117 3180 226 3245 tamen
255 3182 347 3245 uiuae
377 3181 466 3263 regni
495 3180 660 3263 possidens
687 3180 830 3263 gloriam,
866 3177 990 3261 quando
1019 3176 1130 3240 uideas
1159 3175 1243 3238 huno

118 3282 312 3348 Hieroboam
335 3284 452 3349 uitales
475 3283 588 3349 fecisse
613 3302 735 3361 aureas,
758 3284 908 3365 populum
924 3280 1139 3345 Israelitarum
1162 3296 1241 3343 eon·

119 3388 254 3453 uertisse
278 3389 319 3452 ad
341 3388 553 3453 idololatriam
583 3387 615 3451 ei
642 3387 749 3451 lamen
781 3406 842 3451 non
865 3386 967 3450 solum
995 3402 1055 3447 non
1079 3381 1187 3445 statim
1210 3381 1247 3445 ut

121 3491 298 3574 deliquerat
322 3490 502 3568 extinctum,
527 3490 583 3555 sed
607 3491 639 3554 et
663 3491 716 3554 diu
739 3490 848 3553 uiuere
871 3488 1068 3571 permissum.
1093 3484 1246 3567 numquid

78 3603 182 3655 eonon
204 3592 351 3673 potuerat
373 3591 451 3656 deus
480 3590 608 3655 eosdem
636 3608 728 3673 reges
750 3589 936 3654 idololatres
957 3592 1144 3654 remouere?
1189 3588 1246 3652 sed

121 3695 282 3759 ostensum
311 3695 360 3759 esi
389 3713 483 3777 quam
512 3694 581 3760 sitis
611 3694 727 3777 ingrati
757 3694 816 3758 deo
846 3711 913 3770 uos,
950 3693 1003 3774 qui
1027 3711 1099 3757 eom
1122 3691 1245 3755 tanaim
1293 3688 1298 3698 '

121 3798 312 3876 exaltemini,
335 3799 442 3863 tamen
463 3798 567 3880 ipsum
596 3798 649 3879 qui
671 3816 729 3862 uos
761 3796 881 3863 exaltat
915 3816 975 3861 non
1005 3796 1107 3861 solum
1130 3794 1245 3861 obliui-

225 4002 376 4072 amaeg.
395 4001 431 4057 io.
448 4002 490 4069 (a.
509 4003 551 4067 11,
569 4002 613 4070 aa)
685 4001 756 4057 aio.
775 4000 817 4065 m,
836 4001 869 4053 ao
939 4000 1008 4054 aio.
1028 3998 1068 4063 12,
1087 3998 1189 4053 ao-ee

174 4174 316 4245 3ephrem
396 4175 427 4229 11
445 4173 534 4227 habiit
614 4172 648 4225 20
666 4177 729 4243 quot
810 4172 842 4225 27
860 4172 1054 4258 israhelitarum
1140 4169 1174 4223 28
1192 4168 1247 4223 ido-

118 4263 228 4316 latriam
309 4262 394 4330 prims
417 4278 470 4314 non
488 4278 509 4315 s.
528 4260 544 4314 l.
563 4277 596 4314 m.
614 4264 629 4313 1
723 4256 757 4311 30
774 4257 926 4311 idololatres
943 4259 973 4326 V,
991 4256 1178 4311 idololatrare

121 4349 156 4402 32
175 4346 367 4403 obliuiscamini
386 4349 411 4416 (a
428 4348 502 4401 later
521 4345 696 4400 sereleadam
714 4362 748 4399 ea
765 4345 775 4397 i
793 4347 876 4412 core.)
