3050 5000
278 332 342 400 262
772 331 923 388 Luciferi

278 522 450 608 metopio
466 520 621 605 spiritam
641 521 704 589 dci.
742 523 848 589 omnis
867 521 1004 605 spiritis
1031 522 1088 605 pai
1109 521 1290 605 maritetur
1313 516 1423 582 Iesum

280 625 445 695 chaom
465 626 504 691 ia
525 646 622 693 correo
642 625 769 693 scabre
790 645 828 691 ea
849 625 904 691 deo
925 629 978 692 eet.
1016 630 1044 691 et
1065 625 1170 691 omaro
1193 621 1346 705 spiritus
1368 622 1421 702 qui

279 727 414 795 dmtrait
426 726 535 795 Iesum
548 749 586 795 cc
605 728 661 793 deo
681 747 749 795 nors
770 732 825 813 est,
847 733 877 794 ct
897 727 954 793 too
975 731 1020 795 est
1040 728 1123 811 qaod
1144 731 1190 793 est
1214 723 1419 804 acuminati,

280 833 313 898 et
334 831 430 897 intrat
458 833 515 899 isos·
536 832 574 899 de
594 831 718 898 molo
741 835 828 917 caat,
850 836 1022 917 propterea
1042 832 1080 897 de
1100 830 1229 897 saeculo
1253 830 1419 913 beantur,

280 939 311 1002 et
332 935 494 1003 samm
516 936 610 1001 credit
630 955 700 1018 cos;
721 955 779 1001 nor
801 940 907 1001 aretem
926 956 965 1001 ea
986 936 1041 1002 deo
1062 954 1180 1001 eumue.
1217 934 1281 1017 qui
1305 952 1449 1015 copto-r

280 1039 339 1104 scit
360 1038 454 1105 deam
474 1040 567 1106 aredii
588 1058 655 1118 reos,
676 1038 733 1121 qai
753 1043 860 1106 autem
882 1058 947 1105 nore
961 1043 1006 1105 est
1027 1058 1065 1103 ea
1078 1038 1134 1103 deo
1150 1056 1218 1103 nore
1233 1036 1337 1103 audii
1352 1054 1415 1100 aas.

280 1163 319 1207 ea
351 1142 406 1207 hoc
437 1142 648 1225 intedepimas
678 1143 832 1226 spiritam
859 1143 1007 1209 maara
1034 1148 1064 1209 et
1089 1143 1245 1226 spiritam
1283 1141 1415 1205 errore

280 1244 401 1311 clarum
424 1246 481 1324 ost,
504 1244 679 1324 Constanti,
701 1245 734 1310 to
757 1263 827 1311 esse
851 1244 1027 1311 antichristi
1048 1246 1228 1328 portantem
1251 1243 1414 1327 spiritum,

279 1348 312 1412 te
335 1347 446 1431 spirita
470 1347 522 1431 agi
545 1347 670 1413 erroris.
694 1348 778 1413 deut
800 1348 883 1415 euim
905 1349 959 1431 qui
981 1348 1126 1413 dixerunt
1147 1367 1209 1414 non
1229 1347 1414 1429 suscepisse

207 1531 212 1537 q
279 1451 438 1517 hominem
461 1451 501 1516 dc
523 1452 612 1517 utero
634 1452 747 1517 heatae
761 1451 902 1535 ¹uirginis
924 1452 1050 1518 unicum
1072 1452 1172 1519 filiam
1188 1451 1251 1530 dei,
1280 1451 1338 1533 qui
1356 1470 1443 1516 nona

278 1555 371 1619 illum
393 1554 596 1619 crediderunt
616 1554 823 1637 mennatum,
845 1556 1004 1621 homiuem
1024 1554 1154 1635 iactum,
1177 1556 1303 1621 habere
1325 1573 1412 1619 erro-

279 1658 325 1723 ris
347 1657 550 1723 adstruantur
572 1658 717 1743 spiritum
740 1659 772 1724 ot
796 1659 971 1725 antichristi
986 1658 1214 1743 nuncupantur,
1240 1659 1289 1725 sic
1309 1659 1343 1722 et
1357 1676 1412 1723 uos

280 1762 405 1828 Arriani
426 1781 499 1827 oum
520 1762 648 1828 unicum
670 1763 722 1829 dei
743 1762 845 1829 filium
867 1764 978 1829 natum
999 1782 1074 1829 nere
1097 1763 1136 1828 do
1158 1763 1250 1845 patre
1274 1762 1410 1844 negatis,

217 1876 222 1885 ’
280 1866 339 1930 hoc
364 1866 413 1930 ost
435 1864 473 1931 de
497 1866 674 1933 substantia
697 1867 813 1950 patris,
848 1886 959 1931 uerum
986 1866 1077 1933 illum
1105 1886 1175 1932 osse
1203 1865 1313 1931 filium
1341 1884 1412 1929 enm

282 1967 434 2050 despuitis
463 1969 495 2032 et
527 1988 651 2057 sempor
682 1969 774 2053 illum
807 1988 879 2036 oum
911 1970 1001 2054 patre
1033 1988 1199 2056 regnasse,
1235 1988 1411 2051 numquam
1421 1983 1439 2022 a

280 2070 380 2135 filiurn
401 2070 499 2137 fnisse
522 2072 588 2137 sine
609 2074 700 2155 patro
722 2093 824 2157 neque
850 2072 972 2157 patrem
1002 2074 1068 2139 sine
1090 2073 1156 2139 filio
1179 2092 1254 2137 cnm
1277 2072 1412 2137 credere

282 2173 477 2253 detractatis,
501 2194 575 2240 oum
597 2194 692 2241 uuam
714 2177 831 2243 hahere
853 2178 975 2260 patrem
1000 2178 1031 2241 et
1053 2176 1180 2241 unicum
1205 2175 1313 2239 filium
1347 2176 1413 2239 sins

281 2276 432 2342 deitatem
459 2278 599 2362 negatis,
634 2280 724 2344 euius
751 2299 809 2347 uos
836 2280 948 2363 spiritu
972 2300 1041 2347 esse
1063 2279 1172 2363 plenos
1193 2278 1412 2344 manifestatis

281 2380 341 2445 nisi
370 2381 567 2448 antichristi?
603 2401 663 2447 non
686 2383 803 2449 etenim
825 2384 930 2466 potest
952 2383 1058 2448 dicere
1082 2381 1133 2448 dei
1160 2384 1284 2448 habens
1318 2383 1413 2466 spiri-

280 2485 364 2550 tum:
386 2488 457 2550 erat
478 2485 605 2568 quando
627 2505 692 2552 acre
713 2491 782 2551 erat
804 2490 835 2552 et
854 2487 960 2570 factos
982 2491 1026 2552 est
1048 2507 1086 2552 ae
1108 2484 1221 2564 nihilo,
1253 2486 1295 2550 de
1320 2486 1442 2550 unicos

282 2586 332 2652 dei
354 2587 431 2666 filio,
454 2607 527 2654 curu
548 2589 639 2654 illum
661 2589 728 2654 sino
749 2589 839 2656 initio
861 2589 972 2655 eredat
994 2608 1066 2654 cnm
1082 2589 1180 2672 ‚patro
1199 2606 1360 2671 regnasse
1381 2591 1413 2667 ‚et

280 2692 484 2773 regnaturum
505 2692 574 2756 sine
596 2691 668 2757 fine.
705 2692 814 2776 itaque
836 2711 909 2757 cnm
931 2678 1084 2758 non⁷ssse
1106 2691 1197 2758 illum
1218 2710 1340 2756 neruum
1365 2691 1412 2755 dei

280 2794 382 2870 filium
405 2792 519 2873 dicitis,
543 2814 616 2859 oum
639 2795 773 2878 deniqne
795 2798 978 2880 ὁμοούσιον
991 2801 1036 2884 τῷ
1057 2799 1165 2882 πατρί,
1189 2794 1278 2877 qnod
1302 2795 1414 2860 dieunt

282 2897 414 2976 Graeci,
447 2916 504 2962 nos
537 2917 613 2965 uero
639 2899 773 2964 Romani
807 2899 941 2965 dicimus
973 2901 1073 2965 anias
1104 2899 1309 2964 schematice
1345 2921 1414 2965 eum

274 3005 389 3084 patre,
414 3000 504 3066 illum
527 3020 596 3066 osso
620 3001 782 3067 destruere
803 3001 983 3085 temptatis,
1012 3002 1121 3084 utique
1144 3005 1177 3066 et
1199 3021 1259 3068 uos
1284 3002 1328 3068 de
1352 3002 1440 3066 ilites

281 3121 352 3168 esse
373 3104 653 3186 pseudoprophetis
676 3105 709 3170 et
728 3105 811 3170 inter
835 3105 1035 3172 antichristos
1056 3106 1309 3189 pronuntiaritis.

322 3207 421 3272 XXV.
454 3207 524 3274 Non
545 3227 597 3273 mo
620 3208 717 3274 dchcs
739 3208 1001 3274 contumeliosum
1022 3208 1179 3288 indicare,
1204 3208 1283 3291 qnia
1306 3209 1412 3274 dicam

280 3309 314 3374 te
335 3308 484 3376 inmundo
507 3311 618 3393 spiritu
634 3311 696 3395 agi,
720 3312 775 3396 qui
790 3311 894 3376 dicam
908 3314 941 3377 te
958 3312 1135 3377 antichristi
1150 3330 1410 3395 praecursorem

282 3432 318 3480 os
343 3413 459 3478 etenim
479 3415 569 3480 tuum
590 3416 624 3480 te
646 3415 705 3481 hoc
729 3434 799 3480 osse
820 3415 952 3494 reuolui,
975 3433 1075 3498 neque
1099 3415 1180 3479 enirn
1203 3416 1329 3480 hahens
1346 3416 1408 3497 spi-

281 3516 379 3582 ritum
408 3517 459 3582 doi
487 3513 603 3600 poterit
629 3519 708 3584 talia
735 3519 898 3585 adstruere
927 3536 1007 3602 quac
1033 3537 1090 3584 uos
1113 3517 1261 3582 adseritis
1285 3517 1438 3582 Ardanis

284 3619 341 3684 ant
362 3620 467 3684 eunoti
490 3621 649 3686 damarum
672 3622 832 3688 sectarum
854 3620 952 3686 uestri
975 3619 1172 3686 cohaeretioi.
1196 3638 1298 3702 negas
1316 3620 1406 3686 doum

385 3805 623 3871 4110h4,5.6

335 3973 418 4029 ihoo
436 3991 458 4030 a.
476 3976 493 4029 l.
510 3992 546 4031 ra.
564 3975 614 4030 alt.
718 3979 751 4033 14
769 3981 810 4032 est
828 3979 904 4034 deest
926 3978 994 4045 fort.
1017 3978 1149 4032 ascham
1171 3978 1257 4032 initio
1276 3977 1342 4044 folii

282 4075 379 4145 pratris
449 4076 481 4132 18
492 4077 585 4148 plenus
653 4078 687 4132 22
705 4080 772 4148 oum]
786 4095 879 4135 cumo
947 4079 981 4134 23
994 4067 1194 4136 ῧΜὈῩΕΥΟΝ
1214 4081 1261 4136 ΤΩ
1279 4069 1338 4136 ΙΪρΙ

283 4161 317 4214 25
333 4163 437 4230 patrem
538 4163 571 4218 26
585 4165 790 4233 -pronuntiarih's
808 4165 921 4234 scripsi,
943 4165 1120 4234 pronuntiarit
1141 4165 1172 4227 V,
1196 4165 1364 4233 pronunciari
1379 4183 1400 4226 r,

283 4249 460 4315 pronuntiatis
478 4251 550 4305 coai-
569 4251 693 4306 Porreiccc
764 4249 797 4305 31
817 4251 977 4322 quoheretici
992 4252 1024 4316 V,
1043 4266 1142 4321 quoque
1161 4250 1321 4306 haereticis
