3050 5000
272 362 336 427 144
762 356 915 411 Luciferi

275 568 368 633 quem
401 548 590 614 eelesndum
615 547 735 630 paissii
762 546 866 611 modis
896 544 1049 623 omnibus,
1083 544 1143 611 nisi
1171 542 1413 627 paenitentiam

275 653 429 718 melorum
457 651 612 716 faetorem
640 650 759 733 egeris,
793 650 853 715 nisi
886 651 956 715 uias
981 651 1054 714 tuas
1083 648 1221 713 nefarias
1251 647 1411 711 deserens

273 754 401 819 sanetas
417 755 573 820 ecelesiae
586 753 706 818 iustum
721 753 783 817 iter
799 751 1082 834 conprehendens?
1103 750 1178 815 tune
1194 749 1309 831 ubique
1327 750 1410 813 hasa

274 859 429 940 promissa
450 858 501 922 dei
523 856 673 939 consequi
694 855 821 938 peteris.
845 854 998 937 scripum
1014 856 1063 920 eet
1085 855 1167 919 enim
1188 854 1409 936 propiorem,

275 962 328 1044 qui
350 961 445 1026 eorde
469 979 506 1025 ex
526 962 595 1026 tete
617 978 688 1026 sese
712 959 753 1025 ad
777 960 870 1024 deum
892 956 1118 1023 conuerterint:
1150 957 1227 1023 bare
1248 955 1337 1021 dieit
1360 974 1410 1020 ee
1435 976 1446 1014 ⁵

276 1065 376 1130 celsus
396 1067 435 1130 iu
455 1065 584 1133 eueetsis
605 1064 765 1146 babitans,
793 1063 832 1127 in
859 1065 1023 1127 aeternum
1051 1063 1181 1126 sanetus
1207 1058 1409 1134 insumatis,

273 1188 386 1234 nornen
407 1171 437 1235 ei
457 1169 605 1235 demimus
625 1169 803 1234 attissimus
815 1169 854 1233 iu
867 1167 989 1233 sanetis
1002 1167 1205 1249 requisieris,
1230 1168 1261 1229 et
1270 1162 1410 1246 pusilii·

276 1273 397 1338 animis
410 1274 494 1339 daus
508 1274 639 1339 amimae
652 1273 842 1354 aequitatem
856 1279 885 1336 et
895 1271 980 1335 daus
990 1270 1167 1336 uindictam
1178 1268 1411 1334 contribulatis

276 1376 376 1443 ende.
398 1396 465 1441 nem
484 1378 523 1441 in
544 1381 709 1442 adanam
730 1378 858 1442 irascar
878 1374 966 1440 neme
994 1394 1050 1439 nee
1077 1392 1198 1454 semiper
1218 1370 1409 1437 uindictam

274 1479 312 1544 de
333 1480 423 1545 uobis
443 1483 579 1564 cuipam.
623 1482 683 1545 sed
704 1479 818 1563 quibus
845 1480 904 1543 hoe
929 1478 1027 1543 dieii?
1060 1494 1170 1558 nempe
1201 1475 1256 1553 eis,
1290 1473 1350 1555 qui
1374 1491 1409 1537 ss
1422 1492 1444 1531 n

276 1583 488 1647 eenusrterint
508 1601 564 1665 per
586 1583 833 1650 satisfactionem
856 1584 897 1649 ed
922 1584 1039 1649 deliria
1061 1600 1118 1647 sua
1141 1579 1288 1645 deiende
1319 1578 1408 1643 unde

278 1686 319 1764 et,
349 1706 416 1751 nau
439 1686 502 1751 tate
523 1686 683 1753 ieiunium
703 1688 790 1773 depi,
814 1687 893 1753 dieii
914 1686 1067 1764 dominus,
1095 1687 1148 1751 sed
1169 1684 1256 1749 satue
1279 1702 1408 1747 emnem

275 1789 394 1854 uadum
407 1790 601 1875 iniquitatis,
624 1790 679 1857 sed
693 1791 777 1856 setue
791 1791 995 1875 obttpatianes
1017 1789 1230 1855 uiolentorum
1253 1792 1406 1852 contrae-

275 1896 397 1971 tarnm;
418 1892 540 1959 dimitte
554 1894 730 1974 eensraetas
750 1894 1014 1959 inremissionem
1030 1897 1060 1957 et
1075 1910 1198 1957 emnem
1212 1890 1407 1971 museripti·

275 2014 364 2060 ouem
391 1995 540 2077 inieram
566 1997 739 2078 disrumpe,
783 1996 898 2080 frmepe
929 1998 1082 2063 esurienti
1104 2014 1225 2079 panem
1252 1999 1352 2059 tuum
1380 1998 1441 2059 et1⁵

270 2118 426 2180 pauperes
447 2100 503 2181 qui
524 2100 594 2166 sine
616 2104 693 2165 terte
714 2105 791 2165 suret
805 2101 903 2166 indue
917 2102 955 2165 in
969 2102 1098 2165 demum
1112 2104 1209 2166 tuam.
1233 2099 1265 2163 si
1281 2098 1408 2162 uideris

275 2202 405 2285 nudum,
428 2204 516 2285 operi
537 2208 566 2268 et
587 2203 767 2268 demestiaes
794 2204 927 2269 seminis
955 2204 1003 2269 tui
1030 2222 1094 2267 nen
1116 2203 1278 2284 despicies.
1326 2206 1407 2267 turre

275 2305 395 2369 orietur
415 2306 650 2393 ma<tn>tinum
673 2306 780 2372 tumen
802 2311 893 2371 tuum
914 2312 943 2371 et
963 2308 1090 2371 sanitas
1111 2310 1170 2371 tua
1183 2306 1245 2370 eito
1269 2304 1405 2383 orietur,

275 2411 306 2471 et
319 2410 488 2489 praecedet
514 2414 589 2474 ante
615 2415 646 2474 te
674 2410 802 2474 iustitia
831 2416 858 2475 et
886 2411 1035 2475 maiestas
1055 2410 1107 2475 dei
1127 2408 1343 2474 circumdabit
1366 2413 1405 2475 te.

276 2517 351 2578 tune
368 2513 533 2592 elamabis,
555 2518 584 2577 et
597 2515 674 2579 deus
688 2515 837 2579 exaudiet
851 2519 888 2593 te,
911 2520 940 2581 et
954 2514 1057 2580 adbuc
1073 2513 1211 2595 manenti
1225 2513 1286 2578 tibi
1301 2513 1406 2577 diuet:
1417 2526 1438 2564 n

275 2633 338 2682 eeee
359 2615 482 2683 adsum.

318 2718 514 2783 XXXXIIII.
531 2720 643 2785 Aderit
651 2721 710 2786 tibi
723 2720 811 2798 deus,
829 2721 856 2786 si
869 2722 968 2803 prime
981 2721 1093 2786 eredes
1104 2722 1136 2786 in
1150 2741 1230 2800 sum,
1243 2721 1271 2786 si
1286 2721 1405 2786 deinde

279 2821 318 2884 ed
340 2821 419 2885 haee
447 2824 580 2887 ueneris
606 2825 707 2889 temet
734 2843 815 2908 quae
845 2826 940 2890 etiem
962 2826 1043 2890 inira
1066 2825 1144 2890 dieii
1164 2824 1344 2907 implenda:
1376 2827 1404 2889 si

266 2915 407 3006 'aufmas
428 2947 451 2990 a
471 2931 500 2991 te
520 2927 687 2993 uineutum
713 2929 900 3011 iniquitatis
928 2935 956 2995 et
984 2929 1186 3014 obtipatienis
1212 2933 1242 2992 et
1269 2928 1403 2992 uerbum

278 3030 544 3095 murmurationis
565 3035 595 3096 et
615 3032 740 3097 desieris
760 3034 914 3098 esurienti
930 3053 1052 3116 panem
1073 3037 1164 3098 tuum
1187 3053 1225 3098 eu
1240 3033 1351 3096 smirne
1374 3034 1436 3094 eeu

279 3134 423 3198 animam
444 3133 651 3199 humiliatam
664 3137 847 3215 satiaueris‚
870 3141 946 3201 tune
961 3138 1079 3202 orietur
1093 3138 1131 3200 in
1145 3135 1280 3200 tenebris
1295 3135 1402 3198 tumen

279 3237 344 3315 irbi,
368 3242 397 3302 et
418 3238 561 3303 tenebrae
583 3239 643 3304 tibi
664 3244 700 3303 ut
714 3241 863 3306 meridies
877 3245 979 3304 erunt.
1003 3244 1033 3304 et
1047 3241 1106 3304 erit
1121 3240 1197 3304 deus
1213 3243 1287 3302 tuus
1301 3243 1401 3302 teeum

280 3361 410 3424 semper,
444 3345 474 3405 et
501 3341 667 3422 repleberis
693 3345 776 3408 sieut
803 3344 964 3410 desiderat
994 3343 1108 3408 anima
1136 3347 1202 3428 tua,
1237 3344 1267 3405 et
1294 3341 1400 3404 munia

279 3463 351 3509 assa
372 3450 431 3509 tua
446 3445 664 3528 pinpueseemt‚
686 3452 716 3511 et
737 3451 831 3512 munt
852 3448 934 3513 siud
948 3446 1055 3511 iterius
1070 3446 1174 3510 ebrius
1187 3450 1216 3509 et
1229 3445 1313 3510 sieut
1327 3444 1400 3525 fons

280 3549 333 3613 eui
358 3568 423 3612 nan
451 3548 558 3630 depiait
583 3569 678 3631 aqua.
723 3551 813 3627 hese,
847 3551 883 3614 ut
913 3551 977 3614 iam
1007 3549 1126 3615 dietum
1155 3547 1213 3625 est,
1248 3544 1432 3626 sensusqui³⁰

280 3652 407 3736 peteris,
431 3653 459 3718 si
478 3654 511 3718 te
535 3652 576 3717 sd
599 3653 768 3718 ecelesiam
791 3653 943 3731 conferas,
969 3653 995 3718 si
1018 3652 1197 3718 comnenus
1218 3649 1290 3714 tuos
1305 3649 1397 3723 uites,

383 3925 460 3980 ses.
478 3925 519 3990 57,
539 3925 580 3979 15.
599 3926 630 3978 16
700 3923 733 3978 12
749 3921 786 3977 ib.
804 3922 846 3986 58,
865 3923 932 3977 6-9
1001 3922 1034 3976 23
1051 3921 1088 3977 ib.
1105 3923 1147 3988 58,
1165 3922 1249 3975 9-11

333 4181 573 4251 ipusillsnimisv
654 4179 921 4248 ianimsequiiatem
1001 4180 1034 4232 10
1052 4179 1106 4232 eius
1125 4185 1192 4234 ml
1275 4178 1308 4231 18
1323 4177 1397 4230 meii-

280 4285 343 4321 num
411 4267 444 4320 22
462 4267 499 4349 sie
567 4265 600 4318 27
618 4264 743 4352 melidine
766 4267 895 4334 V,em.e
964 4267 998 4320 30
1016 4263 1145 4322 defeeiiv
