3050 5000
305 372 349 440 54
795 368 942 424 Luciferi

312 576 407 641 quam
429 577 539 622 uerum
563 557 679 623 domini
701 557 896 640 prophetam,
923 555 970 621 ita
993 556 1025 620 et
1045 557 1082 620 tu
1105 573 1192 620 amas
1216 555 1450 621 cohaereticos

307 663 380 726 tuos
402 660 562 740 Attianos,
585 662 723 744 ipsorum
747 659 841 725 dIotis
865 660 1072 742 obtemperas,
1101 678 1157 724 nos
1181 677 1291 724 omnes
1316 657 1448 722 domini

221 836 222 839 Ἴ
289 764 490 834 „sacerdotes
514 764 678 842 execraris,
702 762 803 846 primo
827 761 974 840 omnium,
997 781 1054 827 cur
1070 762 1121 828 dei
1135 761 1235 828 filium
1250 781 1372 851 uerum
1390 761 1446 826 dei

306 867 409 932 filium
432 867 646 946 confiteamur,
670 865 807 931 secundo
832 884 887 930 our
909 883 969 930 non
991 865 1050 930 tibi
1074 863 1248 943 adulemur,
1272 883 1331 930 cur
1355 865 1393 928 te
1409 865 1445 928 in

307 970 447 1053 periculo
471 989 540 1035 esse
563 987 781 1036 asseueramus
805 968 837 1032 at
861 967 1014 1046 dicamus,
1037 967 1097 1032 nisi
1119 968 1151 1031 te
1174 966 1380 1033 conuerteris
1400 967 1444 1030 ad
1467 993 1479 1032 ε

309 1073 412 1153 deum,
436 1074 520 1157 quod
542 1075 585 1139 sis
606 1073 638 1138 in
662 1074 823 1138 aeternam
845 1090 978 1155 poenam
999 1071 1159 1136 uenturus.

349 1175 436 1241 VIII.
460 1177 502 1241 m
522 1178 559 1241 ut
580 1178 708 1242 credere
730 1176 833 1260 possis
851 1175 902 1241 dei
917 1193 1040 1257 semper
1059 1173 1130 1240 odio
1146 1173 1270 1240 habitos
1286 1173 1442 1238 hominos

308 1279 347 1344 ab
370 1280 547 1350 hominibus
571 1279 762 1363 apostaticis,
788 1279 908 1344 amatos
930 1296 1006 1343 uero
1028 1277 1172 1342 inimicos
1187 1276 1238 1341 dei
1253 1275 1440 1358 religionis,

306 1381 365 1447 hoc
390 1383 439 1447 est
460 1382 576 1448 diaboli
599 1383 745 1461 cultores,
771 1382 878 1465 accipe
894 1399 972 1464 quos
989 1380 1143 1446 emanarit
1157 1379 1267 1446 Achab
1287 1381 1321 1444 et
1338 1398 1440 1462 quem

307 1482 379 1548 odIo
400 1485 556 1551 habuerit.
599 1490 628 1550 ct
655 1485 741 1551 dicii
762 1483 890 1566 Iosafat
919 1503 975 1548 raa
996 1482 1085 1548 Iuda
1114 1483 1280 1568 europem
1304 1483 1472 1548 Isroctso

306 1586 501 1669 intorropote
528 1607 615 1652 cunc
636 1587 728 1653 hodic
754 1587 929 1654 domicum.
971 1591 1000 1650 et
1029 1586 1218 1652 mammae
1245 1605 1303 1651 rea
1325 1586 1440 1650 Israel

308 1707 413 1754 omnes
429 1689 603 1772 propbetas
624 1690 717 1772 quasi
739 1690 989 1772 ooudmwcotos
1010 1688 1107 1771 uiros,
1130 1692 1159 1753 et
1174 1688 1259 1753 dixit
1281 1688 1355 1752 iilis
1381 1707 1439 1752 rea·

306 1790 436 1856 Achab:
456 1792 487 1856 si
508 1793 557 1857 cbo
578 1794 615 1857 tn
630 1791 764 1858 Rcmm
780 1791 824 1857 ad
839 1791 983 1857 Galacth
997 1791 1034 1854 ic
1043 1810 1191 1874 poparum
1205 1793 1265 1856 cot
1278 1791 1439 1856 cessabo?

309 1898 338 1958 ct
360 1894 530 1960 dixerant:
563 1897 703 1962 osceode.
750 1895 783 1960 ot
803 1894 898 1960 infra:
932 1900 961 1958 ct
988 1895 1072 1960 dicct
1099 1893 1227 1975 Iosofat
1254 1894 1298 1958 ad
1329 1913 1439 1975 rapam

308 1994 431 2066 Israel.-
452 2017 518 2062 oon
540 2004 585 2063 est
605 1999 656 2064 bie
674 1999 839 2080 propbetas
861 1997 997 2080 domini,
1027 2003 1054 2062 ct
1077 1997 1349 2080 icterropobimus
1377 1999 1471 2063 rio-1⁵

307 2094 459 2164 minum?
481 2106 510 2165 ot
531 2101 614 2166 accio
635 2101 746 2168 Achab
774 2121 829 2166 rec
850 2102 955 2167 Israel
978 2101 1021 2166 ad
1044 2101 1172 2182 Iosafct
1192 2118 1315 2185 repam:
1346 2119 1439 2164 onas

307 2206 354 2266 est
371 2223 431 2283 per
452 2224 541 2284 poem
563 2207 791 2289 interropemos
813 2205 987 2284 domicum,
1011 2205 1065 2270 sed
1080 2224 1133 2288 epo
1155 2204 1208 2268 odi
1223 2202 1328 2287 iilum,
1353 2225 1435 2284 qao·

305 2307 398 2370 aiam
419 2307 649 2390 conloquitur
675 2310 713 2374 de
739 2329 788 2372 me
809 2309 898 2371 bonu.
941 2307 1029 2384 item,
1060 2305 1268 2388 posteaquam
1297 2305 1439 2370 dixisset

305 2410 457 2492 propheta
478 2409 595 2474 domini
624 2410 665 2474 ad
686 2411 777 2474 illum
805 2410 968 2474 Michaeas
995 2408 1253 2485 reascenderet,
1279 2410 1435 2490 quoniam

307 2511 550 2589 descendisset,
566 2531 627 2578 non
643 2513 728 2577 esset
741 2530 943 2577 reuersurus:
959 2512 1043 2575 dinoot
1055 2532 1111 2577 rec
1126 2512 1230 2577 Israel
1247 2513 1291 2577 cd
1303 2514 1436 2593 Iosafat
1446 2530 1468 2568 u

305 2635 408 2696 repom
430 2616 533 2679 Iuda:
558 2635 663 2679 conoe
683 2615 755 2679 dixi
777 2616 821 2680 od
843 2619 880 2694 tc,
909 2616 1062 2697 quoniam
1078 2616 1251 2698 prophetat
1274 2617 1358 2679 mibi
1381 2617 1435 2681 bic

306 2725 373 2782 oco
393 2718 485 2794 bono,
514 2720 567 2782 sed
587 2720 690 2800 mapis
711 2720 827 2783 maio?
866 2718 1056 2784 uidebantur
1078 2719 1163 2783 mala
1186 2721 1218 2782 et
1241 2720 1370 2783 excordi
1405 2718 1434 2783 ei

306 2839 399 2904 quom
416 2822 481 2885 iam
504 2821 670 2886 obsederat
693 2821 845 2898 diabolus,
868 2823 954 2886 mala
977 2840 1014 2886 ca
1037 2840 1116 2904 quae
1140 2822 1225 2886 adei
1242 2821 1432 2886 dicebantur

306 2942 397 2989 seruo
415 2923 447 2988 et
460 2923 518 2987 illa
528 2925 610 2989 bona
620 2925 842 2989 iudicabuntur
858 2943 938 3006 quae
956 2924 1085 2989 aceruis
1101 2925 1285 2989 dicebantur
1299 2924 1430 2991 diaboli.

304 3045 362 3091 nec
385 3026 564 3091 mirandum
584 3027 703 3109 itaque,
727 3028 753 3091 si
768 3028 839 3091 illos
857 3026 1007 3092 audiebat
1021 3026 1140 3104 Achab,
1158 3046 1236 3109 quos
1251 3028 1287 3091 ut
1303 3027 1432 3091 audiret
1444 3041 1465 3080 2⁵

304 3129 443 3195 faciebat
466 3127 619 3207 diabolus,
649 3130 807 3212 mancipia
828 3129 979 3195 uidelicet
1001 3148 1067 3207 sua,
1099 3130 1130 3193 et
1160 3130 1187 3195 si
1214 3130 1286 3195 illos
1317 3130 1430 3194 audJ’re

304 3232 410 3310 nollet,
436 3250 513 3314 quos
536 3232 614 3297 deus
630 3250 703 3298 suos
720 3250 788 3297 esse
805 3250 912 3297 seruos
929 3231 961 3295 et
974 3232 1044 3313 ipsa
1058 3232 1226 3297 tolerantia
1243 3233 1431 3314 passionum

306 3337 338 3401 ot
359 3337 429 3418 ipsa
451 3336 628 3400 constantia
657 3335 905 3401 adseuerationis
927 3335 1149 3400 manifestabat
1169 3335 1242 3400 illis.
1287 3334 1430 3417 pseudo·

303 3439 475 3521 prophetae
504 3438 596 3502 ditati
624 3440 829 3520 honoratique
859 3438 979 3503 dImissi
1008 3440 1080 3503 sunt
1102 3458 1121 3502 a
1143 3457 1228 3521 rege,
1262 3439 1429 3504 Michaeas

304 3558 380 3606 uero
395 3540 546 3623 propheta
562 3542 679 3606 domini
696 3542 869 3607 recluditur
891 3542 922 3606 iu
941 3559 1110 3618 carcerem,
1128 3543 1160 3606 et
1176 3541 1308 3606 dicitur:
1332 3564 1427 3607 mon-
1440 3554 1462 3595 ³⁰

305 3646 394 3709 docet
411 3663 531 3724 paoem
552 3645 670 3708 doloris
691 3645 787 3708 donec
809 3645 953 3722 redeam·
975 3644 1007 3707 ot
1028 3643 1134 3708 tamen
1156 3644 1244 3707 iuxta
1267 3647 1353 3709 serui
1377 3644 1429 3709 dei

406 3795 576 3866 101111323.
595 3796 637 3860 22,
656 3797 715 3849 5.6
825 3796 858 3849 14
876 3796 911 3850 ib.
931 3796 972 3859 22,
993 3796 1050 3851 28
1154 3796 1187 3848 20
1205 3796 1240 3851 ib.
1260 3796 1302 3859 22,
1323 3797 1357 3850 18

304 3883 338 3936 30
355 3882 391 3937 ib.
410 3881 452 3946 22,
471 3881 504 3934 27

355 4019 416 4072 let
435 4018 499 4087 Col,
517 4020 547 4071 ut
562 4020 589 4072 V
636 4017 806 4071 dadolcmur
858 4018 1031 4072 basrararnus
1045 4020 1110 4084 fert.
1165 4018 1358 4072 7et10hodio

303 4106 321 4158 9
339 4106 422 4159 etsie
440 4105 521 4171 icrsro
538 4102 657 4156 Iosaiath
743 4102 777 4156 13
795 4104 886 4172 galaat
973 4104 1005 4157 15
1023 4104 1162 4172 prophetas
1180 4120 1204 4171 o,
1222 4104 1313 4172 protes
1336 4106 1364 4159 V

305 4191 337 4244 16
355 4191 437 4259 acaph
525 4191 557 4242 17
575 4189 638 4243 hodi
724 4189 943 4286 18cpostcaquem
1034 4192 1067 4245 19
1084 4190 1199 4243 micheas
1287 4190 1321 4243 22
1341 4194 1378 4260 ac]
1398 4208 1430 4245 ca

303 4294 369 4360 fort.
438 4292 471 4346 25
490 4290 607 4344 audebat
674 4292 708 4345 29
725 4292 826 4347 miheas
