3050 5000
853 351 999 406 Luciferi

902 590 942 658 11.

394 751 572 834 LIBERll
599 749 759 832 PAPAE
792 749 858 831 AD
887 747 1161 831 uvolrssvm
1193 745 1253 832 IN
1280 744 1426 831 EXSlth
1460 875 1461 882 Ν

632 886 954 970 eorsrlrvrvli
981 885 1232 971 EPISTVLA.

480 1067 623 1106 ursumvs
646 1067 810 1106 Episcor‘vs
835 1065 1049 1106 DILECTISSIMO
1072 1066 1192 1106 FRATRI
1218 1064 1372 1105 chrruuo.

406 1179 557 1260 Quamuis
581 1180 638 1244 sub
660 1178 796 1260 imagine
818 1178 907 1260 pacis
929 1178 1058 1244 humani
1080 1178 1212 1261 generis
1237 1177 1454 1242 inimicusuehe·=

363 1283 500 1346 mentius
528 1283 559 1345 in
591 1283 732 1345 membra
763 1282 917 1346 ecclcsiae
945 1282 1090 1345 uideatur
1121 1299 1195 1345 esse
1229 1279 1389 1362 grassatus,
1413 1298 1442 1342 uu

363 1387 468 1448 tamen
486 1386 720 1466 acceptissimos
742 1385 773 1447 in
790 1384 914 1449 domino
932 1385 1111 1449 sacerdotes
1136 1385 1275 1466 egregia
1287 1385 1318 1446 et
1329 1384 1441 1464 singularis

364 1489 444 1552 fides
469 1490 500 1550 et
521 1490 571 1552 hic
587 1489 764 1570 probabiles
789 1488 847 1552 deo
864 1489 1001 1554 ostendit
1018 1489 1049 1552 et
1063 1490 1126 1553 iam
1144 1489 1186 1552 ad
1203 1488 1344 1551 futuram
1356 1485 1440 1568 glorian

364 1593 517 1674 martyres
542 1592 727 1672 designauit.
774 1611 833 1674 quo
855 1592 963 1673 itaque
985 1592 1151 1674 praeconio
1173 1591 1299 1667 laudis,
1322 1609 1374 1671 qua
1390 1590 1439 1651 noct

365 1695 571 1758 exsultatione
600 1695 713 1759 merita
745 1695 872 1758 uirtutis
906 1695 1030 1759 uestrae
1059 1695 1220 1776 proferam
1257 1693 1370 1776 positus
1394 1691 1448 1755 inlen

362 1816 536 1861 moerorem
566 1798 725 1863 absentiae
754 1799 879 1865 uestrae
910 1799 941 1862 et
962 1797 1113 1880 gaudium
1144 1798 1273 1881 gloriae
1295 1814 1400 1878 prorsus
1414 1796 1439 1856 in·

364 1901 470 1964 uenire
495 1920 552 1964 uon
576 1920 712 1982 possum,
736 1901 797 1964 nisi
820 1901 902 1982 quod
927 1901 991 1964 scio
1014 1901 1085 1964 hinc
1101 1920 1152 1964 me
1168 1897 1437 1982 probabilioranotis

363 2002 477 2067 solatia
500 2003 653 2081 exhibere,
686 2003 711 2068 si
743 2003 880 2068 credatis
909 2024 960 2068 me
983 2005 1014 2067 in
1039 2003 1181 2068 exsilium
1208 2002 1306 2068 simul
1327 2002 1437 2064 uobiscun

363 2125 432 2171 esse
456 2107 628 2171 damasum.
653 2107 787 2189 denique
812 2126 862 2171 me
888 2106 988 2172 adhuc
1011 2108 1043 2171 in
1066 2107 1135 2188 ipsa
1158 2105 1382 2189 exspectatione
1393 2122 1435 2184 pen·

363 2210 489 2274 dentem
519 2210 603 2291 qnod
632 2230 650 2274 a
679 2212 835 2276 consortio
869 2212 976 2276 uestro
1011 2211 1115 2276 durior
1150 2211 1329 2276 necessitas
1357 2207 1448 2270 interint

363 2312 520 2388 distrahit,
539 2313 618 2376 satis
634 2313 810 2377 contristor.
835 2313 1018 2396 optauerum
1035 2313 1126 2391 enim,
1146 2312 1265 2378 iratres
1283 2309 1433 2376 deuotissini

362 2417 444 2498 prior
467 2434 521 2498 pro
537 2416 681 2480 omnibus
696 2416 845 2501 impendi,
869 2418 905 2481 ut
921 2417 1096 2499 exemplum
1111 2417 1234 2501 gloriae
1251 2435 1307 2499 per
1320 2433 1364 2478 me
1375 2412 1434 2492 mags

360 2521 469 2583 nestra
484 2519 611 2584 dilectio
629 2522 883 2601 consequeretur.
908 2520 963 2585 sed
978 2521 1073 2585 fuerit
1087 2523 1165 2587 haec
1181 2522 1293 2603 palma
1306 2519 1432 2585 montom

360 2624 546 2699 uestrorum,
581 2624 617 2685 nt
645 2623 764 2703 priores
794 2623 832 2687 de
855 2624 1090 2705 perseuerantia
1112 2624 1188 2689 fidei
1220 2625 1263 2687 ad
1286 2618 1432 2687 confessionis

362 2724 517 2787 illustrem
540 2724 673 2805 gloriam
689 2725 848 2789 ueneritis.
873 2744 989 2807 quaeso
1004 2724 1101 2807 igitur
1117 2726 1321 2793 dilectionem
1334 2724 1441 2787 uacuae

360 2828 396 2888 ut
417 2844 468 2889 me
486 2828 685 2907 praesentem
699 2829 863 2893 uobiscum
882 2848 950 2895 csse
974 2830 1109 2897 credatis
1132 2830 1230 2911 atque
1255 2850 1291 2895 eo
1306 2848 1350 2893 me
1363 2826 1430 2891 ellectu

362 2930 523 2993 absentem
545 2949 604 2994 non
618 2981 623 2996 .
637 2950 705 2995 esse
735 2932 879 2998 sentiatis
912 2934 943 2997 et
970 2932 1155 3015 intelligatis
1187 2933 1296 2999 dolere
1321 2950 1363 2995 me
1380 2927 1429 2993 sotis.

361 3033 445 3113 quod
474 3052 543 3097 sum
571 3034 697 3098 interim
727 3054 745 3097 a
777 3036 882 3099 uestro
913 3034 1067 3101 consortio
1102 3035 1292 3118 disparatus.
1333 3030 1428 3115 sumtu

362 3136 496 3218 denique
519 3136 653 3219 gloriam
674 3136 797 3201 fueritis
821 3138 991 3216 consecuti,
1015 3138 1086 3203 hine
1108 3140 1212 3222 magis
1238 3140 1316 3207 scire
1334 3132 1427 3217 potesta

361 3240 444 3318 quod
475 3240 502 3302 si
523 3241 577 3321 qui
598 3241 630 3304 in
652 3242 870 3322 persecutione
895 3244 1033 3309 coronati
1057 3244 1130 3309 sunt
1153 3244 1253 3311 solius
1275 3235 1441 3325 persecutoris

361 3344 506 3406 cruentos
534 3343 658 3425 gladios
688 3346 803 3409 sentire
832 3347 1015 3427 potuerunt,
1051 3348 1174 3411 contra.
1194 3367 1252 3411 uos
1285 3342 1374 3411 deuoti
1397 3355 1425 3419 po

364 3445 468 3507 omnia
496 3446 546 3509 dei
579 3448 697 3511 milites
727 3448 822 3513 etiam
856 3449 953 3515 falsos
981 3449 1093 3516 frames
1123 3450 1268 3517 inimicos
1295 3443 1388 3528 experti
1405 3439 1424 3501 A

361 3546 493 3628 perfidie
514 3549 680 3613 uictoriam
702 3551 885 3631 pertulistis,
910 3572 1040 3634 quorum
1058 3554 1174 3634 quanto
1191 3550 1335 3617 uiolentia
1348 3549 1371 3611 iu
1383 3560 1423 3609 sac-

411 3749 444 3804 11.
457 3751 551 3819 ‘Apud
564 3753 823 3818 Hilariumiccstot
840 3756 906 3809 hacc
924 3756 1043 3825 epistola
1061 3756 1161 3826 scopare.
1174 3758 1222 3811 VI.
1243 3773 1277 3810 ea
1294 3769 1348 3809 mss.
1360 3746 1421 3811 Reid

360 3843 386 3891 et
409 3838 482 3890 Pico.
508 3854 557 3890 uec
580 3854 637 3890 noo
661 3840 739 3907 apud
762 3840 921 3895 Baeculam
945 3842 984 3895 ad
1007 3858 1052 3896 aaa
1076 3846 1129 3897 355
1152 3859 1177 3895 a.
1202 3846 1240 3895 32
1264 3848 1289 3896 et
1308 3836 1420 3905 Steptuueu

359 3924 522 3977 Ferreriom
540 3940 553 3975 e
566 3924 670 3977 tubulis
683 3925 825 3979 Ecclesiae
842 3928 1020 3981 Verccltercsis
1033 3931 1059 3981 et
1075 3928 1212 3981 Vaticano
1225 3905 1419 3985 occaecasset

361 4010 544 4062 Coostcotc'as
563 4010 656 4076 Epist.
676 4010 778 4063 Senem
800 4012 880 4065 Pocct.
951 4013 1176 4082 'lecccptissimos
1191 4014 1251 4068 cod.
1265 4004 1418 4068 Priuerno

360 4094 533 4161 acceptissimi
557 4095 626 4149 Bor.
734 4096 763 4148 in
790 4096 904 4165 doudno]
930 4097 979 4151 deo
1002 4099 1082 4152 Fere.
1190 4096 1337 4153 8ostendit
1353 4083 1417 4153 cerips'·

359 4178 482 4232 ostendet
499 4197 515 4232 u
583 4180 616 4232 25
635 4181 658 4233 si
676 4181 729 4249 qui]
750 4182 793 4249 qui
811 4183 879 4237 Bur.
899 4189 924 4235 ct
942 4184 1022 4237 Ferr.
1092 4185 1124 4238 26
1142 4187 1265 4238 cruentos
1282 4174 1418 4253 gloucester..

359 4258 457 4316 fructus
475 4263 563 4332 gladio
582 4266 657 4318 Pitt.
675 4272 702 4319 et
720 4267 809 4335 Fere,
828 4268 933 4322 strictos
951 4270 996 4323 oct
1014 4269 1104 4323 eludes
1123 4268 1227 4337 gladios
1245 4271 1308 4337 fort.
