3050 5000
451 333 492 386 Do
510 335 602 387 saneto
620 332 770 388 Athanasio
788 333 856 386 liber
872 332 892 386 Ι.
1176 335 1236 400 111

101 522 196 587 enim
216 543 290 588 omn
311 542 360 586 me
381 521 583 599 inuocabitis,
605 541 659 604 epo
681 525 787 586 anum
801 541 866 585 non
880 521 1061 589 eumedium.
1090 527 1240 604 caumont

101 646 159 689 nae
180 624 262 690 mati
286 629 316 690 et
336 645 401 690 non
424 625 598 690 inueniant.
637 624 771 689 odmmst
785 626 871 689 enim
884 626 1088 707 sapientiam,
1111 627 1241 692 matun

102 733 218 794 autem
240 729 366 794 domini
388 748 455 793 non
476 729 733 812 adsumpserunt,
761 748 858 808 meque
880 729 1051 794 uoluerunt
1070 729 1147 794 meis
1169 749 1239 794 oon·

102 833 197 897 siliis
217 833 399 913 intendem
420 836 610 915 sprenerunt
630 833 716 897 enim
733 851 820 898 necas
841 833 1085 915 increpationes.
1110 833 1241 915 meoque

71 937 203 1002 sedent
225 937 299 1000 uiae
321 955 397 1000 snae
418 936 542 1018 fructus
570 940 600 999 et
619 954 680 1000 sua
706 936 866 1015 impietate
888 936 1079 1002 saturabunt
1102 937 1240 1003 animos.

103 1060 190 1104 nam
212 1040 291 1120 quia
313 1039 510 1119 napinam
526 1036 694 1122 paruulos,
717 1037 959 1119 interficientur.

153 1141 269 1207 XXVI.
292 1140 432 1205 Interfiei
454 1141 540 1206 certe
562 1142 670 1207 tecum
691 1141 889 1207 merebamur
919 1143 950 1204 et
972 1141 1100 1224 quaidem
1129 1161 1148 1209 a
1170 1141 1239 1219 deo,

106 1244 137 1309 si
161 1246 267 1309 tecum
284 1246 336 1310 dei
350 1244 510 1309 hominem
523 1243 693 1310 fuissemus
707 1244 874 1326 persecuti.
911 1245 968 1309 sed
983 1245 1138 1327 quemodo
1154 1246 1240 1312 istud

105 1347 323 1412 fecissemus?
354 1347 409 1429 qui
424 1346 602 1412 sciebamus
615 1346 782 1428 scriptum:
805 1346 1042 1428 uolitabnioane
1054 1349 1090 1414 in
1102 1348 1240 1414 autema

60 1455 202 1516 10tuum
223 1450 322 1533 mala,
344 1451 382 1515 in
406 1452 542 1516 incolam
568 1454 599 1515 et
619 1451 832 1532 considentem.
878 1451 946 1517 noli
973 1452 1164 1518 inimicitias
1186 1473 1239 1518 en·

107 1575 213 1620 macra
234 1554 388 1618 aduersus
410 1553 568 1627 bominem
597 1554 667 1618 sine
688 1573 801 1633 emsa,
836 1573 876 1618 ne
904 1554 983 1634 auid
1011 1555 1068 1620 tibi
1099 1561 1242 1638 operetur

107 1657 245 1722 maium
290 1657 346 1720 aut
366 1656 521 1738 numquid
542 1675 604 1721 non
626 1657 695 1720 erat
716 1656 782 1720 sine
806 1674 913 1735 causa,
942 1657 970 1722 si
998 1659 1092 1740 prout
1112 1659 1241 1725 maanus

108 1759 198 1824 furor
220 1759 491 1827 cohaereticomm
518 1760 645 1824 morum
671 1777 728 1842 per
749 1760 782 1825 te
805 1759 951 1838 iusserat,
984 1760 1016 1824 in
1043 1761 1243 1828 innocentem

107 1863 223 1928 mortis
245 1862 430 1928 tulissemus
452 1862 662 1929 sententiam?
707 1881 768 1926 uae
789 1862 858 1941 tibi,
894 1863 968 1944 quia
995 1863 1116 1930 dictum
1148 1866 1187 1931 de
1208 1867 1241 1932 ts

64 1986 95 2025 15
108 1967 313 2049 persecutore
336 1968 441 2032 nostro
458 1967 568 2032 uideo:
591 1966 699 2032 acubus
713 1967 963 2048 contumeliosus,
986 1967 1100 2050 iinpua
1115 1970 1241 2054 iniquo,

108 2090 230 2135 manus
251 2075 326 2134 sunt
339 2070 532 2152 effundentes
546 2071 736 2153 sanquinem
750 2071 838 2148 iusti,
862 2073 892 2134 et
907 2090 961 2137 oor
975 2071 1139 2151 fabricans
1157 2074 1240 2155 copi-

112 2174 250 2239 tationes
263 2174 378 2252 maios,
394 2178 424 2239 et
431 2175 529 2255 pedes
542 2174 729 2255 festinantes
744 2173 788 2238 ad
803 2173 1093 2255 malefaciendum.
1116 2175 1241 2257 legisti:

109 2277 489 2360 alumnumalumnum,
502 2282 532 2342 et
543 2277 664 2342 uoletis
670 2295 684 2356 ;
692 2281 906 2360 praeteream
916 2295 955 2342 ue
967 2277 1080 2342 amcos
1090 2279 1243 2360 aiteram·

114 2382 148 2445 et
169 2381 275 2446 tamon
296 2382 329 2446 te
352 2381 456 2446 timeri
471 2381 611 2458 uoluisti,
636 2380 731 2444 deum
745 2399 821 2452 uero
837 2380 1004 2446 contemni.
1027 2379 1111 2444 uude
1128 2381 1243 2445 etenim

66 2502 97 2542 2⁰
112 2484 218 2553 solum
242 2484 336 2550 deum
358 2485 560 2566 potueramus
582 2483 713 2566 reperiri
726 2483 915 2562 metuentes,
939 2482 966 2549 si
980 2482 1073 2549 minis
1087 2483 1151 2550 tuis
1168 2503 1242 2549 sue-

114 2589 300 2653 oumbentes
317 2588 479 2654 absentem
494 2588 671 2652 inauditum
687 2587 862 2669 etquidem
879 2606 961 2666 eum,
981 2606 1075 2669 quem
1090 2587 1243 2653 sciremus

113 2692 244 2769 iustum,
269 2692 511 2757 damnaremus?
534 2690 682 2755 Salomon
705 2690 798 2754 dicit:
821 2695 940 2755 statera
962 2690 1026 2755 doli
1048 2691 1243 2755 abominatio

113 2800 161 2861 est
190 2816 296 2861 emam
324 2797 463 2879 domino,
491 2796 621 2877 pennus
649 2799 754 2859 autem
783 2814 918 2875 aequum
947 2798 1106 2875 acceptum
1132 2798 1177 2859 ost
1205 2796 1242 2861 ei.

114 2900 153 2962 tu
168 2900 277 2964 contra
291 2898 443 2962 mandare
458 2916 518 2962 non
535 2897 677 2962 dubitas:
693 2899 845 2963 damnate
856 2898 977 2963 immisto
992 2897 1111 2961 iudicio
1124 2898 1244 2982 uirum,

70 3026 100 3066 ss
114 3005 175 3068 hoc
197 3005 321 3069 rectum
349 3002 463 3084 putans
492 3001 576 3084 quod
597 3020 782 3083 peruersum
806 3002 863 3067 est
909 3001 1011 3065 adhuc
1035 2998 1183 3065 Salomon
1204 2999 1243 3063 de

115 3106 149 3169 te
173 3124 209 3169 ac
237 3106 297 3171 tibi
325 3106 497 3172 similibus:
531 3108 605 3171 uiae
632 3107 857 3188 insipientiam
885 3109 987 3169 rectae
1016 3122 1122 3168 coram
1152 3104 1243 3184 ipsis,

115 3210 249 3274 eaaudit
262 3214 367 3275 autem
382 3209 519 3276 consilia
534 3211 673 3291 sapiens.
706 3210 866 3290 damnato,
883 3207 996 3289 inquis,
1013 3205 1244 3280 Athanasium,

119 3311 301 3393 etquidem
322 3312 377 3376 ubi
406 3312 513 3377 ualere
543 3331 604 3376 non
625 3311 756 3394 potuisti
783 3311 907 3393 ingenio
938 3308 1144 3375 detestandae
1168 3310 1244 3373 sub-

116 3416 244 3481 tilitatis
264 3417 350 3494 tuae,
373 3416 493 3483 uiribus
515 3416 638 3499 imperii
660 3415 708 3479 tui
730 3414 871 3496 coepisti.
918 3414 956 3477 de
979 3414 1011 3476 te
1034 3414 1141 3495 itaque
1165 3411 1245 3476 sori-

73 3546 103 3587 so
117 3519 207 3601 ptum
230 3520 352 3602 accipe:
386 3522 491 3585 maius
518 3541 590 3585 cum
618 3520 810 3584 contumelia
837 3519 907 3601 opit
928 3518 1031 3603 mala,
1067 3518 1099 3581 et
1120 3516 1245 3593 iterum,

120 3622 203 3703 quod
224 3623 324 3687 temet
345 3623 390 3687 sic
405 3622 520 3705 laqueo
535 3622 600 3686 iam
614 3622 789 3700 receneris,
806 3621 963 3686 haerendo
978 3620 1128 3698 Armenia,
1154 3618 1247 3683 sicuti

121 3724 154 3787 et
167 3725 264 3791 Iudas
280 3726 460 3791 Scariothes
475 3726 620 3792 ludaeis:
644 3728 695 3790 tea
710 3727 849 3807 sapienti
864 3725 937 3806 fons
952 3730 998 3789 ost
1011 3725 1109 3799 uitae,
1132 3724 1248 3787 stultus

222 3911 489 3978 epanenses
575 3913 608 3965 15
625 3911 662 3964 ib.
680 3913 705 3982 6,
725 3912 766 3965 11.
786 3911 819 3965 18
906 3911 992 3965 1811).
1012 3910 1069 3975 7,1
1159 3909 1193 3962 22
1211 3909 1247 3963 ib.

120 3996 195 4061 111
265 3996 466 4063 26ib.1a,15
535 3998 736 4064 30111110
806 3998 1009 4063 32111114

170 4168 302 4222 taedent
405 4168 437 4265 19
455 4170 605 4266 contempni
708 4170 742 4223 20
758 4170 953 4238 potuerimusu
1054 4168 1179 4236 repperim

119 4270 155 4324 28
172 4270 331 4325 detestande
348 4272 519 4327 subtelitates
587 4272 622 4327 32
640 4273 760 4328 chariotb
778 4276 806 4327 et
822 4276 859 4339 (et
877 4290 938 4343 sap.
956 4290 990 4327 m.
1008 4273 1074 4340 roo.)
