3050 5000
331 361 335 367 Ι
375 390 417 443 De
434 406 488 444 non
505 390 639 459 parcendo.
655 393 683 443 in
701 390 779 445 deum
798 390 1020 461 delinquentibus.
1194 394 1258 459 283
1319 454 1324 465 .

129 600 207 644 uero
234 580 271 644 c'n
295 581 443 662 proximo
471 588 699 647 concurrerunt
725 584 763 648 ia
785 583 929 664 speculas
951 588 979 647 ct
1003 586 1136 648 tatemer
1158 584 1256 665 septt-

128 703 219 746 mum
241 684 324 747 diem
346 684 550 749 celebrabant.
589 685 672 765 quod
694 705 765 750 cum
787 685 968 750 iudicatum
990 690 1075 764 essct,
1105 686 1255 766 sufflam-

128 786 212 849 motc'
241 790 332 870 suut,
362 807 396 852 co
424 788 507 869 quod
535 793 708 853 metuerent
728 789 765 853 ia
787 789 837 853 dic
859 788 993 869 sotcmuc'
1013 788 1152 871 pluriosc
1172 789 1257 869 serre

129 888 193 952 stoi
209 890 347 956 auxilio.
371 890 447 973 quid
462 880 572 956 censes
595 891 769 974 oportuisse
792 890 897 955 facere
919 891 994 956 tunc
1018 891 1156 961 cultores
1179 890 1256 954 dei?

98 992 191 1059 sdeo
215 995 395 1077 oportuerat
417 1014 455 1059 an
479 996 633 1061 Antiocho
656 995 867 1078 placendum?
904 995 930 1059 si
957 995 1028 1059 illos
1042 1044 1044 1051 .
1058 1013 1118 1068 non
1144 1012 1258 1058 censes

128 1098 286 1163 Antiocho
309 1085 434 1180 placere
458 1100 649 1181 oportuisse,
681 1117 738 1163 noc
762 1117 818 1163 nos
840 1098 948 1180 utique
971 1098 1045 1175 tibi,
1070 1096 1144 1180 quia
1167 1096 1199 1160 et
1220 1096 1256 1159 tu

132 1201 196 1266 ah'o
217 1202 295 1266 licet
315 1202 419 1280 modo,
442 1204 549 1267 tamen
572 1222 628 1268 nos
652 1203 695 1267 sis
718 1202 847 1285 cupiens
869 1201 981 1265 tollere
1006 1220 1024 1263 a
1047 1200 1105 1264 deo
1130 1200 1161 1263 et
1182 1200 1256 1262 iun-

126 1322 206 1387 gere
236 1305 377 1384 diabolo,
411 1307 447 1369 ut
475 1306 529 1369 ille
559 1306 695 1370 uoluerit
722 1306 804 1371 illos.
842 1304 912 1387 ipsa
939 1323 995 1386 per
1022 1304 1054 1367 te
1084 1302 1257 1367 crudthas

127 1409 264 1491 genitum
289 1410 333 1474 sic
355 1428 469 1475 saeuus
493 1411 588 1492 atque
609 1409 711 1474 inicus
733 1409 765 1472 in
790 1427 843 1473 eos
866 1406 920 1490 qui
940 1407 994 1470 tuo
1009 1406 1133 1470 funesto
1151 1404 1256 1470 edicto

72 1514 290 1577 1⁰1esistunt.
319 1514 463 1595 superest
483 1512 590 1597 igitur,
613 1512 650 1576 ut
673 1513 721 1577 est
744 1530 838 1594 saepe
863 1511 993 1588 dictum,
1018 1510 1126 1575 doleas
1147 1509 1180 1573 te
1204 1526 1256 1571 er·

125 1634 217 1681 rasse
250 1634 483 1699 agnoscensque
517 1618 550 1679 te
581 1635 650 1680 esse
683 1611 875 1679 homicidam
911 1615 1004 1695 atque
1037 1612 1256 1695 blasphemum

125 1719 238 1796 temet,
263 1718 404 1784 desertor
428 1719 488 1798 dei,
516 1718 736 1801 repraesentes
760 1716 876 1794 domui,
908 1715 1044 1797 alioquin
1066 1716 1101 1778 tu
1124 1714 1182 1779 tibi
1204 1714 1275 1777 in-·

126 1822 313 1903 putaturus,
343 1840 415 1885 cum
443 1821 476 1885 te
503 1821 613 1886 uidere
644 1820 784 1902 coeperis
814 1819 879 1883 illic
910 1838 979 1883 esse
1002 1818 1056 1882 ubi
1078 1836 1160 1881 nunc
1184 1816 1260 1881 sunt

128 1923 236 1989 cuncti
258 1924 305 1988 illi
329 1924 510 2008 contyranni
531 1924 588 1987 tui.

182 2146 195 2199 1
216 2146 352 2215 speluncas
370 2147 436 2213 fort.
507 2146 540 2199 12
559 2145 609 2209 dei,
629 2145 673 2199 dei
689 2145 757 2211 sort.
827 2159 957 2198 nxnnrorn
975 2158 1010 2197 nn
1030 2156 1090 2195 11011
1108 2124 1256 2196 runcano&

128 2267 164 2304 nr
183 2233 225 2305 nr}
248 2265 473 2308 nmruonnnrrffi
498 2265 607 2303 rucrnrr
625 2262 800 2303 nonronuou
819 2260 882 2300 nsse
902 2260 955 2299 sno
975 2229 1004 2300 n}
1022 2260 1097 2299 n1n1o
