3050 5000
357 399 422 463 316
849 393 994 448 Luciferi

358 589 502 652 Abrahae
526 589 616 651 Isaac
640 588 672 651 et
688 587 782 651 Iacob
799 585 971 649 amicorum
989 584 1039 649 dei
1056 585 1088 648 et
1103 583 1248 647 omnium
1265 583 1429 663 prophetam

360 693 571 774 apostolorum
595 711 630 755 ac
654 691 834 773 martyrum.
873 709 931 754 non
957 689 1027 763 eris,
1052 687 1232 762 Constanti,
1257 685 1311 748 illa
1330 705 1429 750 euasurus

359 795 521 878 supplicia.
556 795 614 858 nisi
644 794 744 875 primo
772 793 803 856 in
832 793 901 857 leco
930 792 1058 855 unicum
1081 791 1132 854 dei
1156 789 1262 852 lilium
1285 809 1375 854 uenm
1392 811 1430 854 esse

361 898 412 962 dei
424 896 523 962 filium
540 896 721 974 credideris,
736 895 859 972 deinde,
875 896 911 958 ut
925 895 1033 958 crebro
1051 893 1170 957 dictum
1189 894 1250 968 est,
1268 893 1343 974 quod
1355 913 1432 982 sempr

358 1004 541 1084 cum-„patre
562 1001 743 1086 regnauerit
773 1019 807 1064 ac
833 1001 874 1064 sit
894 1017 1037 1082 regnans,
1070 1000 1127 1062 hoc
1160 999 1212 1062 est
1243 997 1308 1061 sine
1331 999 1396 1061 initio
1412 1020 1445 1061 111

357 1105 420 1168 fine
449 1105 609 1169 confessus
638 1105 734 1168 fueris
764 1105 858 1186 atque
887 1104 919 1166 te
949 1101 989 1165 ad
1019 1102 1213 1167 catholicam
1248 1102 1430 1166 ecclesianis

358 1209 490 1274 nefando
513 1209 715 1272 Arrianorum
745 1209 837 1270 coetu
865 1206 1073 1282 transtuleris,
1103 1206 1142 1270 de
1165 1207 1272 1270 morte
1300 1207 1396 1270 scilicet
1410 1209 1430 1268 11

356 1311 467 1390 uitam,
492 1313 524 1376 et
545 1311 706 1376 confessus
729 1308 825 1374 bre'ris
847 1311 883 1374 ut
904 1329 960 1374 nos
983 1310 1169 1375 confitemur
1187 1310 1336 1374 catholici
1354 1313 1429 1392 peiren

357 1417 389 1478 11
417 1415 517 1479 filium
544 1416 576 1478 et
604 1415 746 1496 spiritum
776 1415 919 1478 sanctum
950 1413 1121 1495 perfectam
1151 1433 1225 1478 esse
1255 1414 1400 1477 trinitatem
1415 1426 1430 1476 ct

356 1538 450 1582 unam
473 1519 587 1584 habere
612 1520 773 1596 deitatem.

398 1622 466 1687 XV.
502 1623 552 1688 Sic
584 1623 652 1687 odis
682 1622 876 1687 Christianos
905 1622 937 1686 ct
967 1621 1109 1686 omnibus
1137 1623 1336 1704 persequeris
1359 1623 1429 1686 nodis.

355 1725 517 1806 tamquam
539 1728 638 1808 possit
660 1725 878 1790 maliuolentia
892 1727 949 1789 tua
972 1743 1024 1790 eos
1040 1726 1166 1790 uincere
1183 1727 1241 1808 qui
1259 1726 1360 1790 durum
1373 1747 1427 1808 asp·

356 1846 486 1910 rumque
509 1831 569 1893 iter
591 1831 733 1914 ingressi,
766 1828 956 1910 contemptui
984 1829 1061 1894 11111
1091 1829 1210 1894 derisui
1241 1831 1363 1912 odioque
1381 1830 1428 1910 apul

355 1931 388 1993 te
412 1932 482 2003 siut.
505 1935 610 1996 tamen
633 1935 664 1998 in
688 1935 770 1998 omni
795 1936 862 1998 uita
883 1935 1040 2017 praesenti
1063 1954 1219 2017 pauperes
1237 1919 1360 1999 humiles
1373 1936 1426 2015 igno·

355 2034 438 2103 biles
461 2037 595 2100 subiecti
616 2037 736 2103 iniuriis
758 2039 822 2103 tuis
847 2059 915 2104 esse
937 2039 1046 2116 uelint,
1081 2038 1250 2103 credentes
1274 2038 1366 2102 omnia
1382 2043 1441 2118 11111Σ

357 2155 465 2200 amara
488 2158 556 2202 esse
579 2141 749 2204 noscuntur
778 2143 905 2224 propter
934 2143 1028 2206 deum
1055 2143 1252 2224 perferentes
1276 2161 1307 2205 11
1327 2143 1426 2203 uentus

357 2239 397 2303 ad
421 2242 533 2305 eximia
562 2245 702 2324 praemia
729 2245 787 2336 illa
814 2263 893 2327 quae
923 2246 1082 2327 apostolus
1110 2246 1221 2308 narrat
1249 2241 1425 2324 consequenda

355 2342 411 2406 illa
440 2364 520 2426 quac
548 2368 605 2411 occ
631 2347 740 2412 oculus
768 2349 869 2433 uidit,
899 2369 956 2413 racc
985 2351 1076 2414 uaris
1105 2349 1247 2425 audiuit,
1278 2369 1328 2412 uec
1352 2349 1425 2409 11111

352 2447 493 2515 bominis
516 2451 667 2536 ascendit,
692 2473 774 2533 quae
793 2453 1007 2534 praeparauit
1035 2453 1183 2517 domiuus
1206 2451 1390 2536 dllipeatibus
1403 2468 1423 2513 11.
1449 2457 1450 2469 ’

354 2551 459 2633 igitur,
484 2554 557 2634 quia
578 2554 634 2618 illa
658 2554 860 2636 diligentibus
884 2574 917 2621 se
932 2556 1181 2638 repraesentabit
1198 2556 1288 2633 deus,
1311 2554 1439 2635 diligenter

358 2655 449 2719 deum
479 2676 551 2720 eum
580 2658 638 2721 tibi
667 2657 879 2739 displicemus,
915 2678 987 2723 eum
1016 2660 1182 2741 plectimur
1215 2680 1235 2723 a
1262 2660 1303 2735 te,
1335 2657 1379 2721 deo
1394 2674 1449 2753 nos1

354 2757 479 2838 plaeere
502 2761 739 2841 praesumimus.
764 2780 865 2843 neque
883 2762 964 2826 enim
979 2764 1083 2845 potest
1100 2762 1241 2845 aliquam
1259 2760 1424 2825 auctoritaten
1448 2754 1449 2771 ¹

354 2861 470 2924 habere
491 2863 548 2925 tua
570 2864 694 2927 funesta
717 2865 872 2929 sententia
903 2866 943 2930 ad
967 2886 1022 2930 nos
1051 2867 1083 2929 in
1107 2866 1272 2930 aeternnm
1293 2861 1422 2947 puniendos.

354 2982 426 3027 cum
450 2967 502 3047 qui
526 2967 656 3032 damnas
679 2968 873 3033 damnandus
897 2970 939 3034 sis
963 2970 1136 3053 etquidem
1159 2970 1199 3034 ad
1216 2972 1287 3046 hoc,
1305 2969 1423 3045 111111111-

353 3068 465 3148 petuas
486 3068 557 3134 luas
578 3091 704 3152 poenas.
757 3074 897 3137 ceterum
925 3092 981 3138 nos
1005 3093 1082 3155 quos
1102 3074 1233 3155 torques
1255 3073 1346 3138 lanias
1363 3071 1436 3134 inter-³

353 3170 422 3235 ficis
457 3174 584 3237 aeterna
612 3176 783 3256 suscipient
809 3176 940 3258 gaudia,
974 3178 1084 3259 ingens
1112 3178 1244 3243 habebit
1273 3178 1303 3240 11
1331 3176 1391 3238 inne
1405 3188 1422 3231 u

355 3271 489 3338 felicitas
523 3279 735 3360 perpetuaque
767 3280 900 3361 accipiet
927 3281 1099 3345 beatitudo.
1151 3282 1242 3345 nobis
1270 3280 1354 3363 igitur
1374 3274 1420 3339 se*

354 3377 455 3457 magis
480 3377 586 3443 datam
615 3380 766 3445 diuinitus
788 3382 987 3463 potestatem,
1016 3384 1114 3461 utic,
1145 3382 1221 3447 dnm
1251 3383 1376 3447 damnare
1414 3364 1447 3434 s¹

353 3480 455 3558 putas,
486 3480 679 3559 damnemus,
703 3484 778 3548 dum
800 3485 909 3567 punire
933 3505 988 3551 nos
1011 3505 1102 3567 posse
1124 3486 1308 3567 praesumis,
1328 3484 1354 3546 te
1371 3480 1419 3544 don·

353 3580 503 3645 stantiuun
519 3585 707 3667 sacrilegum
727 3588 903 3668 puniamus,
928 3589 1081 3671 siquidem
1104 3588 1158 3652 ille
1175 3606 1271 3671 quem
1286 3603 1366 3668 negas
1378 3582 1446 3643 duca

354 3683 441 3745 nobis
466 3686 619 3768 episcopis
642 3690 706 3754 suis
722 3690 782 3753 luit
805 3691 952 3773 dignatus
975 3692 1207 3770 auctoritatem,
1231 3693 1268 3757 ut
1289 3686 1417 3772 11111111-

353 3785 491 3849 uerimus
514 3788 545 3850 in
567 3790 660 3853 terris
684 3791 746 3854 sint
768 3791 869 3873 ligata
892 3794 976 3857 etin
999 3795 1104 3859 caelis.
1135 3795 1321 3859 sustinemus
1338 3789 1418 3871 proptr

352 3886 448 3951 deum
474 3890 662 3972 temporalia
689 3894 784 3971 mala,
813 3895 848 3957 ut
870 3898 1025 3977 possimus
1053 3898 1204 3979 consequi
1229 3898 1343 3963 aeterna
1359 3892 1415 3955 bona:
1444 3932 1445 3975 p

454 4058 486 4112 18
504 4058 518 4112 Ι
536 4060 594 4115 Cor.
612 4062 637 4129 2,
655 4063 671 4115 9

404 4212 436 4265 13
454 4218 519 4281 aput
619 4214 652 4268 23
670 4216 815 4283 poniendos
918 4218 951 4271 25
968 4222 1072 4289 torques
1090 4220 1203 4290 scripsi,
1225 4223 1335 4289 torquens
1352 4210 1376 4265 Vr

314 4349 316 4353 ,
349 4296 384 4352 31
403 4314 577 4368 quaecumque
595 4318 610 4353 1
679 4300 713 4353 32
730 4303 821 4370 legata
