3050 5000
248 317 312 418 nn

247 536 292 602 ud
306 533 524 617 cmitendnnr,
537 533 708 618 Cyprianus
721 549 809 610 nero,
824 532 914 598 ouius
927 532 1064 615 uestigia
1075 532 1261 615 plerumque
1275 549 1367 615 pros-

248 641 300 718 sit,
316 637 418 706 series
430 636 485 722 (cf.
495 636 559 703 inu.
573 637 646 704 edit
660 636 793 704 Vindob.
806 637 855 702 111
865 655 896 719 p.
908 636 986 717 439)
998 637 1056 702 boc
1068 635 1258 702 uocabulum
1273 653 1367 704 usur·

247 742 343 826 pauit
367 759 479 809 manus
493 759 555 807 rec.
569 742 605 806 in
618 742 819 808 innocentum
834 739 999 810 scribendo
1014 739 1264 807 emendationem
1278 738 1367 804 inco·-

247 846 346 924 bauit,
370 863 463 926 quam
481 844 553 913 Tilir
575 844 756 922 coniectura
775 844 814 908 in
827 844 1024 910 innocentem
1038 841 1182 908 coniecit
1197 881 1240 890 -
1255 842 1369 908 eadem

248 948 383 1030 denique
404 965 516 1014 manus
537 947 670 1012 rariores
692 946 808 1012 formos
830 946 866 1014 ut
889 945 960 1023 109,
982 947 1021 1012 13
1043 947 1208 1023 0100100011,
1232 946 1303 1023 126,
1325 944 1377 1010 25.

246 1053 400 1134 meones
426 1051 595 1133 multisque
625 1050 704 1116 locis
727 1071 795 1127 cnr,
825 1048 909 1132 quod
929 1049 1056 1115 Lucifer
1075 1067 1132 1132 pro
1153 1051 1233 1134 quio
1252 1067 1367 1132 ponere

102 1209 104 1216 .
247 1155 344 1234 amat,
376 1154 531 1237 expunxit
569 1154 663 1235 atque
692 1154 786 1224 buius
813 1153 1004 1220 1110111010
1026 1152 1170 1235 exempla
1189 1153 1367 1236 in-quoque

246 1258 332 1336 folio,
357 1257 516 1338 abquanto
537 1255 644 1320 tumen
665 1254 757 1338 plura
777 1257 810 1320 in
831 1255 933 1338 priora
954 1254 1073 1322 coelicis
1093 1256 1184 1338 parte
1207 1256 1364 1338 apparent

288 1361 376 1428 Haec
399 1358 561 1426 temeritas
583 1377 668 1435 uero,
692 1355 774 1440 quae
794 1357 1012 1441 prudentiores
1032 1359 1209 1427 ut-Tilium
1231 1357 1366 1427 etbaii·

246 1465 333 1530 num
364 1445 401 1528 n'
430 1461 572 1528 ensem
594 1460 726 1539 noune
759 1460 879 1528 coms
905 1460 1365 1544 ue010,.qu0mnsgenees

248 1568 406 1634 erroribus
429 1565 461 1630 et
482 1565 566 1630 ueris
590 1565 622 1628 et
644 1549 794 1646 speciosis
806 1563 998 1630 luciferiani
1017 1583 1094 1632 usus
1116 1565 1364 1648 prorsusignaro

217 1707 224 1728 .
248 1670 414 1752 omniaque
443 1667 484 1732 ad
505 1669 622 1734 bonum
644 1667 882 1750 simplicemque
904 1685 1080 1743 sermonem
1100 1668 1244 1751 pensanti
1265 1666 1363 1734 reior-

246 1774 301 1838 tus
326 1783 396 1842 esse
418 1788 480 1834 non
509 1769 611 1834 uideri
631 1788 693 1835 non
714 1769 846 1852 poterat,
873 1770 1009 1836 marimo
1030 1771 1220 1836 innitebatur
1242 1771 1276 1836 et
1296 1769 1363 1835 ale-

246 1877 350 1942 batur.
387 1872 521 1938 feliciter
556 1872 661 1938 autem
696 1871 823 1951 accidit,
843 1872 882 1936 ut
902 1891 1043 1939 errorum
1069 1873 1230 1958 ingentem
1256 1873 1364 1941 mulii-

244 1979 389 2044 tudinem
410 1974 551 2059 gremias
574 1993 635 2040 non
658 1975 782 2057 aequet,
804 1975 919 2058 quippe
940 1994 1019 2057 quos
1041 1993 1189 2058 magnam
1210 1976 1366 2058 parterna

248 2083 340 2160 Tillo,
371 2079 495 2148 11111110
529 2078 598 2144 aliis
630 2077 801 2146 lenioribus
833 2078 978 2147 medellis
1009 2080 1136 2146 curatos
1168 2079 1290 2157 uideris¹
1313 2077 1367 2142 nel

247 2184 333 2250 nullo
362 2182 488 2266 negotio
515 2181 582 2264 ipse
611 2180 717 2260 tollas,
746 2181 841 2248 modo
871 2182 1008 2249 auctoris
1036 2183 1217 2258 inbioatum
1240 2182 1364 2248 01100111

246 2288 308 2355 uel·
321 2288 431 2370 potius.
447 2283 651 2367 praedicandi
673 2302 773 2366 genus
795 2283 953 2364 didiceris,
977 2285 1077 2352 oeulis
1095 2287 1255 2370 arobetppi
1276 2286 1363 2350 litte·

244 2409 351 2456 rarum
373 2389 490 2455 formas
511 2388 598 2454 recte
621 2387 733 2472 fingas,
757 2388 824 2454 cius
845 2387 987 2470 linguam
1008 2389 1101 2453 utita
1117 2389 1221 2454 dicam
1234 2390 1363 2454 barbare

246 2493 409 2559 sonantem
447 2491 572 2563 auribus
613 2491 726 2557 1011101
759 2476 923 2575 percipias.
971 2493 1049 2559 baec
1084 2492 1167 2559 enim
1201 2492 1364 2575 diligenter

246 2596 408 2663 obseruari
442 2594 474 2659 et
507 2595 581 2659 sciri
613 2596 719 2661 nescio
750 2614 790 2659 an
817 2596 850 2661 in
880 2596 996 2661 nullius
1022 2597 1127 2662 textus
1149 2596 1364 2662 emendeiione

245 2699 348 2782 magis
369 2698 502 2763 intersit.
541 2698 634 2781 atque
664 2717 744 2781 quae
768 2699 809 2763 ad
831 2699 1083 2783 cognoscendum
1106 2718 1281 2765 sermonem
1304 2699 1364 2764 ali-

247 2803 336 2867 cuius
365 2801 517 2869 momenti
541 2800 630 2865 erant
650 2820 706 2884 pro
728 2800 843 2867 finibus
871 2802 984 2870 indicis
1008 2803 1133 2885 copiose
1154 2803 1199 2872 ibi
1221 2802 1365 2887 congessi

247 2905 279 2969 ot
299 2904 451 2987 peculiari
480 2903 709 2985 dismrtatione,
739 2924 827 2987 quae¹
848 2906 880 2969 in
902 2905 1127 2973 Woelffliniani
1149 2907 1269 2973 arobiui
1289 2907 1363 2971 tom.

126 3054 131 3065 .
246 3008 295 3072 ΙΠ
316 3006 537 3090 publicabitur,
567 3007 757 3084 illustraui3,
775 3010 902 3076 breuius
931 3012 991 3075 boo
1021 3011 1091 3076 loco
1114 3009 1154 3075 de
1180 3010 1365 3078 emendandi
1461 3082 1465 3089 ‚

244 3109 369 3195 legibus
400 3110 574 3195 disputabo,
605 3130 685 3193 quae
702 3104 754 3177 'ab
779 3113 939 3197 archetypi
968 3113 1073 3179 indole
1093 3112 1181 3179 recte
1201 3113 1365 3196 perspecta

246 3214 278 3279 et
299 3212 509 3296 frequentiore
531 3213 726 3297 quarundam
748 3214 906 3281 uocalium
925 3216 958 3280 et
972 3234 1179 3283 consonarum
1192 3216 1364 3307 mutatione

244 3316 435 3399 repetendae
457 3316 539 3384 sunt.
790 3314 793 3321 '

236 3492 239 3499 .
289 3436 485 3519 Quicumque
506 3453 562 3519 per
578 3437 697 3521 aliquot
717 3438 794 3505 ¹lolia
807 3440 927 3511 codicis
942 3441 1113 3525 scripturas
1129 3443 1363 3520 examinarent,

244 3540 330 3607 nullo
361 3540 422 3605 1110
451 3540 528 3605 nitio
557 3542 656 3607 uerba
684 3560 780 3625 quam
808 3542 1003 3626 singularum
1028 3545 1219 3630 syllabarum
1240 3546 1363 3611 littera·

243 3663 354 3709 rumne
367 3634 533 3711 omissione
546 3644 672 3726 saepius
682 3644 837 3711 maculari
846 3646 1002 3724 inueniet;
1017 3648 1118 3714 rarius
1132 3648 1202 3714 tota
1212 3650 1366 3717 uocabula

243 3746 478 3813 interciderunt.
517 3765 555 3813 ea
580 3766 656 3813 uero
679 3747 758 3813 uitia
779 3768 840 3817 non
861 3750 894 3817 in
916 3751 1082 3819 scribendo
1103 3751 1273 3835 inrepsisse
1294 3772 1363 3819 om·

244 3851 296 3915 nia
318 3850 376 3917 sed
402 3849 466 3941 iam
489 3850 656 3936 archetypo
678 3852 792 3919 bonam
814 3854 1068 3935 0100100111
1094 3855 1269 3922 inhaesisse
1290 3856 1363 3923 inde

243 3953 312 4017 iure
334 3953 482 4033 conicias,
506 3954 591 4037 quod
611 3953 768 4033 librarius,
793 3973 865 4022 oum
887 3957 1075 4040 scripturam
1095 3977 1184 4025 suam
1205 3959 1275 4041 ipse
1290 3957 1364 4024 dili-

243 4056 353 4139 genter
386 4074 481 4140 supra
514 4057 678 4123 scribendo
708 4077 789 4141 quae
819 4060 968 4126 omiserat
995 4062 1177 4145 corrigeret,
1210 4063 1393 4144 permulta

242 4157 364 4239 intacta
384 4158 520 4242 reliquit
559 4179 621 4243 qua
643 4162 683 4227 ele
706 4180 804 4229 causa
820 4164 970 4231 orationis
986 4164 1125 4232 10100111
1143 4164 1378 4233 additamentis·

243 4278 426 4327 succurrere
452 4262 579 4330 minime
609 4264 752 4334 dubitaui
781 4267 876 4351 atque
903 4257 1061 4361 uocabula
1087 4269 1174 4335 10010
1195 4268 1366 4336 inseruiesa
