3050 5000
337 338 378 391 De
396 355 450 393 non
467 338 599 407 parcendo
616 339 645 392 in
662 338 741 393 deum
758 337 980 407 delinquentibus.
1161 340 1224 405 239

86 530 212 593 deruut
235 548 366 592 coruum
382 530 553 609 peccatori.
578 528 656 609 quid
677 528 795 593 sentire
819 528 966 611 dignatur
988 529 1118 595 uenenis
1141 528 1225 593 Arrii

87 634 241 699 sauciata
254 651 343 697 mens
358 632 436 697 tua?
451 631 527 715 quid
541 631 658 714 poterit
673 633 852 715 excogitare
869 634 978 699 conire
992 634 1071 697 hunc
1084 634 1225 699 nostram

89 736 310 801 defensionem
331 735 488 801 morsibus
510 736 664 818 serpentis
685 737 847 803 concisum
862 754 916 801 cor
930 738 1041 801 tuum?
1063 737 1136 802 illos
1151 754 1225 801 cum

86 842 152 905 illa
175 840 324 905 aduectas
347 839 467 922 egisse,
502 839 591 904 nobis
619 839 844 923 quiescendum
871 838 974 905 fureret
997 859 1050 905 ore
1072 840 1126 905 tuo
1149 858 1224 922 pro-

56 945 170 1011 ⁵latis
191 943 395 1026 blasphemiis
420 943 460 1032 ed
482 943 633 1025 populum
654 943 744 1008 nobis
760 943 913 1008 diuinitus
928 944 1131 1009 commissum
1146 962 1223 1009 snu-

88 1048 265 1111 cisndum?
298 1050 329 1110 ct
348 1047 542 1129 circumiecit,
571 1047 683 1131 inquit,
714 1046 900 1111 Mototbics
923 1053 952 1113 ct
973 1048 1070 1112 amici
1092 1050 1179 1133 ciue,
1196 1053 1225 1112 et

88 1150 316 1215 destruxeruut
331 1169 409 1213 oros
423 1153 454 1214 et
468 1150 736 1215 circumciderunt
746 1170 862 1233 pueros
876 1152 1116 1217 incircumcisos
1130 1156 1221 1235 quot·

89 1258 172 1335 quot
192 1255 388 1319 iuueueruut
410 1253 447 1317 im
467 1253 588 1335 ficibus
609 1252 716 1318 Israel
738 1254 993 1337 infortitudine,
1021 1260 1049 1320 et
1065 1256 1224 1339 persecuti

90 1361 172 1421 suut
192 1355 277 1438 tilios
299 1356 476 1437 superbiae,
500 1360 529 1419 et
549 1357 752 1437 prosperauit
774 1374 852 1437 opus
874 1358 911 1420 iu
933 1377 1033 1421 mauu
1055 1378 1173 1437 corum,
1195 1364 1224 1423 cl

38 1472 76 1509 10
90 1460 299 1524 obtiuueruul
320 1462 416 1542 ceper
439 1459 648 1524 demonibus
669 1460 811 1540 pontium
834 1462 863 1523 et
885 1480 1006 1544 repum,
1033 1465 1061 1524 et
1083 1482 1149 1527 uou
1170 1462 1223 1527 de-

90 1563 213 1627 deruut
227 1583 357 1628 coruum
368 1564 537 1645 peccatori.
561 1581 634 1627 cum
649 1562 697 1641 illi
718 1564 797 1627 haec
823 1563 876 1645 qui
898 1563 944 1627 its
967 1564 1087 1647 egerint
1109 1564 1225 1629 fuerint

89 1666 174 1731 fecti
204 1666 262 1733 deo
292 1666 516 1743 amantissimi,
550 1685 606 1731 nos
633 1665 693 1730 tibi
722 1664 880 1731 adulando
912 1666 1081 1751 tecumque
1109 1668 1141 1731 in
1168 1668 1224 1732 tuo

91 1769 250 1835 currendo
286 1770 406 1835 scelere
433 1769 539 1833 meret
568 1768 699 1851 dignum
732 1769 767 1833 ut
795 1769 830 1833 tu
866 1788 899 1833 es
934 1768 1131 1835 efficeremur
1166 1772 1224 1835 deo

88 1872 325 1938 inimicissimi?
358 1874 386 1937 si
408 1891 464 1937 nos
485 1872 545 1937 tibi
566 1871 639 1935 hinc
661 1871 808 1937 uidemur
829 1872 987 1951 iniuriosi,
1024 1875 1097 1958 quia
1119 1875 1223 1939 idolo-

40 1975 223 2040 1⁵lutriom
245 1977 333 2041 tuem
356 1976 515 2057 suscipere
537 1974 783 2056 nequiuerimus,
808 1976 864 2041 des
886 1996 993 2054 unum,
1018 1996 1145 2061 quaeso,
1170 1980 1225 2061 qui

89 2080 272 2162 pepercerit
302 2098 339 2144 ex
370 2080 422 2143 dei
450 2079 624 2144 cultoribus
658 2078 849 2143 aduersariis
884 2080 951 2143 eius
984 2080 1153 2164 religionis.
1191 2084 1224 2147 in

92 2182 234 2248 secundo
252 2183 333 2247 libro
348 2182 468 2247 llsdrae
491 2181 780 2247 contradicentibus
803 2200 842 2246 ne
865 2180 994 2247 domum
1017 2184 1049 2248 et
1070 2185 1225 2267 templum

93 2288 130 2351 et
145 2287 309 2353 ciuitatem
323 2288 356 2351 in
370 2286 597 2370 Hierosolymis
615 2286 742 2351 domino
759 2286 980 2363 instaurarent,
1005 2288 1089 2367 deus,
1112 2288 1223 2370 inquit,

92 2392 178 2455 cccli
205 2392 273 2473 ipse
296 2392 504 2473 prospercuii
530 2390 636 2468 uobis,
665 2394 695 2455 ct
722 2408 780 2453 uos
808 2391 894 2453 serui
922 2391 989 2455 eius
1012 2410 1174 2475 surgemus
1196 2396 1226 2456 ct

41 2511 77 2551 2⁰
92 2495 352 2578 aedificabimus,
392 2494 483 2560 uobis
514 2499 620 2558 cutem
653 2490 734 2558 uou'
751 2498 797 2558 est
826 2494 936 2575 portio
972 2515 1070 2578 meque
1106 2498 1221 2560 umutio

91 2597 309 2679 Hierusalem,
340 2598 373 2662 et
393 2597 475 2662 intre
498 2596 675 2664 dicentibus
699 2595 908 2662 aduersariis:
942 2599 1099 2680 uuumuiol
1120 2601 1223 2664 sacri-

91 2700 236 2783 umorue
258 2722 304 2765 ou
325 2700 565 2766 uoucucoouuc
587 2701 625 2764 iu
647 2699 710 2765 loco
724 2701 809 2765 suo?
831 2720 937 2766 uouue
952 2702 1100 2768 asceudct
1113 2703 1225 2784 uulpes

94 2808 127 2868 et
155 2804 299 2868 demoliet
326 2824 436 2868 muros
463 2804 612 2886 lapidum
641 2805 772 2868 corum?
809 2805 841 2868 et
862 2804 942 2869 haec
967 2804 1044 2870 dicit
1066 2805 1108 2872 sd
1131 2805 1224 2872 deum

96 2926 210 2972 seruus
239 2908 308 2973 eius
335 2907 453 2972 Esdra:
488 2909 623 2983 eraudi,
657 2908 734 2974 deus
755 2913 878 2989 moster,
912 2909 990 2992 quia
1011 2908 1093 2990 (acti
1115 2929 1224 2975 sumus

44 3032 79 3074 es
93 3010 340 3090 comtemptibiles
354 3016 383 3074 et
398 3016 541 3077 couuertc
562 3011 709 3076 conuicio
730 3013 875 3093 ipsorum
896 3013 934 3076 iu
955 3012 1066 3094 capito
1080 3013 1224 3096 ipsorum

94 3119 125 3178 et
148 3113 191 3178 do
211 3114 286 3178 illos
307 3119 343 3178 ut
364 3115 431 3179 siut
452 3116 489 3178 iu
510 3115 619 3179 derisu
640 3120 669 3179 ci
698 3117 735 3178 iu
764 3119 852 3180 terre
879 3115 1096 3196 captiuitatis5
1128 3119 1156 3180 et
1186 3136 1225 3180 uc

94 3217 223 3298 operies
249 3217 455 3299 iniquitatem
481 3217 625 3299 ipsorum
652 3220 683 3281 et
702 3222 838 3298 peccota
866 3235 972 3282 eorum
1001 3237 1022 3282 o
1049 3218 1134 3299 fecie
1166 3223 1222 3282 tuo

94 3340 163 3384 uou
184 3319 359 3384 deleautur.

139 3421 207 3488 XV.
235 3422 320 3504 Quid
339 3423 405 3487 tale
428 3441 485 3487 nos
508 3422 593 3486 circs
614 3422 646 3486 te
668 3421 769 3487 loculi
792 3426 922 3488 sumus?
946 3423 994 3486 cst
1015 3421 1108 3488 testis
1130 3441 1225 3506 quem

44 3549 78 3590 so
94 3526 199 3593 orauit
215 3526 333 3592 Esdres
357 3545 512 3610 quemque
535 3526 567 3590 et
590 3543 648 3608 ego
672 3544 725 3591 oro
749 3526 781 3589 et
804 3525 904 3592 omnis
926 3543 982 3608 per
1004 3524 1107 3592 totum
1128 3545 1223 3592 mun·

197 3713 346 3770 (illleclu
365 3713 512 3778 uls-48
605 3712 1000 3784 18Neem.(11nsdr.l2,20
1091 3713 1222 3777 211114,

95 3802 113 3854 3
182 3800 217 3853 24
234 3799 270 3855 ib.
287 3801 313 3862 4,
332 3801 400 3855 4-7

151 3972 164 4025 l
183 3986 290 4067 cernue
358 3971 467 4025 uenenis
479 3970 550 4025 coni.
562 3971 709 4040 Latmius,
726 3972 831 4026 uenisse
848 3973 886 4028 Vc
955 3971 972 4024 2
984 3970 1154 4040 excogitatio

96 4073 272 4158 5diuinitum
359 4075 550 4153 dmetthius·
608 4077 778 4146 ‘lquotquod
865 4077 895 4130 ll
916 4090 1028 4130 oomuo
1111 4073 1223 4129 1211110-

97 4195 176 4249 lando
265 4196 296 4249 17
314 4161 492 4279 qo‘umpum
572 4195 604 4248 re
621 4170 771 4251 metm
862 4195 893 4249 21
912 4196 941 4248 n
958 4193 1154 4248 meminens

97 4281 131 4334 23
149 4283 177 4335 et
193 4281 267 4351 heco]
286 4297 321 4335 ne
337 4281 402 4336 huso
419 4283 465 4336 uel
482 4280 547 4336 lmec
565 4282 632 4349 fort.
702 4283 736 4335 25
754 4281 949 4338 contemtibiles
