3050 5000
282 369 345 434 182
773 367 920 422 Luciferi

280 562 407 637 uirtute,
431 559 555 642 quando
579 556 791 624 idololatriam
813 557 1011 622 introducere
1035 555 1112 622 estin
1128 555 1279 619 meditati
1306 554 1343 617 iu
1367 552 1431 618 do·

281 666 358 729 mini
380 663 559 728 ecclesiam.

322 768 458 834 XVIIII.
483 767 547 831 Sed
570 766 672 830 adhuc
698 764 786 829 dicas
814 764 974 829 fortassis:
1009 763 1140 846 deliquit
1168 766 1206 828 ln
1237 782 1291 827 me
1317 760 1427 826 Atha

279 873 403 936 noctus.
441 872 478 933 ut
500 868 644 934 omittam
667 868 741 951 quia
764 868 798 932 et
819 866 850 931 iu
873 868 931 931 hoc
954 867 1089 931 mendax
1113 866 1166 943 sis,
1198 884 1262 931 non
1289 865 1424 930 sciebas

279 974 431 1056 scriptum
460 972 535 1055 quid
563 972 649 1035 olrca
675 971 708 1034 iu
729 972 762 1034 te
794 969 1011 1052 delinquentes
1037 987 1130 1053 agero
1154 972 1187 1035 te
1210 968 1423 1051 praeceperit
1446 985 1456 1023 ⁵

280 1078 435 1153 dominns,
458 1078 494 1140 ut
516 1076 560 1140 sle
585 1076 692 1159 gladio
716 1094 788 1139 eum
810 1074 925 1139 hrisses
939 1074 1148 1155 persecutus?
1170 1079 1247 1138 tone
1263 1072 1423 1139 accedens

281 1182 325 1247 aa
346 1201 417 1247 eam
439 1180 555 1245 Petrus
583 1180 667 1244 dicit
688 1179 733 1243 ei:
762 1179 896 1260 dominae,
926 1180 956 1243 si
973 1179 1154 1260 peccauerit
1175 1179 1212 1243 iro
1236 1198 1287 1241 mc
1313 1176 1421 1257 frater

280 1304 377 1363 meus,
393 1284 536 1365 quotieas
551 1284 711 1347 remiltom
732 1283 788 1347 ei?
810 1302 905 1365 cepae
919 1283 1056 1363 septies?
1077 1282 1156 1346 altcit
1169 1281 1220 1346 illi
1229 1303 1242 1347 .·
1257 1300 1332 1345 noro
1345 1280 1418 1343 dico

278 1387 336 1451 tibi
356 1405 453 1468 osque
474 1386 596 1466 septies,
619 1386 673 1450 scd
693 1405 791 1467 osque
813 1388 992 1469 septccpc'es
1014 1386 1135 1466 septies.
1183 1403 1221 1447 au
1247 1383 1416 1447 erubescis

280 1490 388 1555 audhe
412 1488 621 1552 Athanasium
637 1488 766 1552 fratrem
781 1488 894 1553 tunm?
917 1489 943 1552 si
961 1489 1173 1554 Christianum
1188 1490 1221 1552 te
1237 1487 1415 1570 profiteris,
1430 1504 1449 1541 1⁰

277 1592 374 1657 debes
397 1611 504 1655 omnes
527 1590 721 1656 Christianos
743 1591 857 1657 fratres
882 1591 986 1656 dicere
1011 1593 1043 1655 et
1067 1590 1195 1673 quidem
1218 1611 1280 1657 non
1308 1592 1415 1656 solum

277 1696 496 1773 Athanasium,
521 1694 578 1758 sed
600 1695 632 1757 et
654 1713 708 1758 eos
731 1712 810 1776 quos
833 1695 952 1760 uideris
975 1694 1090 1777 stipem
1112 1696 1267 1777 petentes.
1300 1712 1414 1759 omnes

279 1798 396 1862 etenim
417 1798 449 1861 in
472 1798 609 1862 eeclesia
639 1798 756 1863 domini
787 1798 949 1863 constituti
981 1816 1077 1863 unum
1107 1818 1215 1864 sumus
1247 1799 1287 1877 ei,
1328 1797 1414 1881 apud

277 1921 371 1984 quem
393 1921 453 1966 nou
476 1901 517 1966 sit
541 1902 716 1983 acceptatio
738 1921 952 1983 personarum.
990 1905 1021 1967 et
1048 1905 1155 1969 tamen
1177 1904 1258 1967 hena
1281 1902 1413 1977 feceris,

280 2007 307 2071 si
330 2006 409 2070 nolis
432 2005 522 2070 illum
546 2005 609 2069 dici
623 2004 753 2069 fratrem
775 2007 882 2079 tnum;
906 2007 941 2070 tu
966 2007 1081 2071 etenim
1104 2006 1188 2071 filins
1202 2005 1413 2088 pestilentiae
1427 2026 1447 2063 15

278 2127 350 2173 cnm
374 2109 417 2173 sis
440 2110 472 2172 et
492 2108 548 2171 ille
571 2127 651 2172 uuus
675 2108 717 2173 sit
740 2108 779 2171 de
801 2107 876 2173 liliis
897 2108 989 2186 lucis,
1012 2111 1046 2173 tu
1063 2128 1136 2174 enm
1150 2108 1350 2190 mancipium
1369 2108 1413 2171 sis

273 2213 372 2276 nostri
393 2212 514 2276 inimici
537 2213 569 2276 et
590 2211 644 2275 isse
660 2212 704 2275 sit
718 2230 830 2276 seruus
847 2211 907 2288 dei,
933 2214 981 2277 est
996 2212 1227 2294 iniquissimum
1244 2212 1273 2277 si
1290 2211 1413 2275 dicaris

272 2316 370 2379 irater
391 2315 526 2380 hominis
550 2314 602 2379 dei
623 2332 808 2396 praecursor
832 2315 1015 2380 antichristi.
1062 2316 1088 2380 si
1113 2315 1286 2397 deliquisse
1318 2316 1413 2379 illum

271 2419 305 2482 iu
326 2419 358 2481 te
380 2418 412 2481 in
436 2419 541 2501 aliquo
565 2418 701 2495 uideras‚
732 2417 955 2484 dimittendum
989 2419 1018 2483 ei
1041 2419 1143 2483 inerat
1164 2419 1238 2483 ilico
1263 2421 1352 2498 ate,
1377 2420 1412 2481 ut

271 2522 329 2586 tihi
353 2521 527 2586 dimitteret
547 2522 678 2586 crimina
699 2525 825 2604 propria
848 2523 935 2588 deus.
959 2541 1039 2587 nuno
1055 2541 1131 2588 nero
1149 2523 1225 2604 qnia
1242 2523 1411 2588 dimittere
1423 2539 1444 2578 2⁰

271 2624 440 2706 nequiuisti
451 2627 577 2706 propter
592 2625 823 2691 contumaciam
840 2627 934 2708 atque
948 2626 1198 2692 maliuolentiam
1216 2627 1320 2704 mam,
1339 2629 1409 2692 tini,

272 2729 326 2810 qui
347 2730 549 2810 praeceptum
581 2729 697 2794 domini
725 2730 854 2795 inritum
883 2730 996 2808 fecisti,
1031 2731 1138 2812 accipe
1170 2747 1252 2812 quae
1282 2731 1408 2812 possInt

270 2831 516 2913 repraesentari:
549 2838 624 2897 tunc
653 2835 802 2899 accedens
832 2834 876 2898 ad
897 2853 967 2899 eum
990 2834 1106 2899 Petras
1134 2834 1238 2900 diali.-
1267 2834 1407 2917 dominc,

270 2935 300 2998 si
316 2936 499 3017 peccauerit
519 2937 556 3000 ic
577 2955 625 2999 mc
646 2936 750 3017 frate
771 2955 869 3017 omos,
893 2938 1037 3018 panteria
1052 2936 1213 3000 remitam
1228 2937 1285 3001 ei?
1307 2956 1409 3019 cosque

270 3039 411 3119 sopitos?
432 3038 514 3102 elicii
532 3039 603 3104 illl:
624 3059 691 3104 ooo
713 3040 783 3105 dico
804 3039 862 3105 tibi
883 3059 980 3121 osque
1001 3041 1123 3121 septies,
1146 3040 1200 3104 sed
1224 3042 1408 3123 sepcoayies
1420 3055 1441 3094 2⁵

269 3143 393 3223 septies,
416 3143 486 3208 ideo
509 3142 618 3208 emole
639 3148 683 3208 est
704 3143 848 3209 hobitum
863 3163 995 3228 repleam
1010 3145 1169 3210 coetorum
1184 3143 1312 3208 loomim
1327 3145 1405 3227 cepi,

269 3245 326 3325 pai
346 3245 453 3310 coluit
473 3247 631 3311 rationem
648 3266 767 3328 ponere
788 3267 860 3312 cam
882 3249 983 3312 seroie
1006 3249 1084 3313 sals.
1106 3252 1134 3312 ct
1157 3267 1230 3312 cam
1253 3249 1407 3329 coepesset

275 3348 434 3413 rationem
450 3370 576 3435 ponere,
599 3350 722 3415 oblatas
743 3354 789 3415 est
810 3351 839 3415 ei
861 3369 947 3416 onos
961 3352 1018 3432 pai
1032 3351 1159 3417 debebm
1172 3351 1279 3416 decem
1296 3349 1405 3414 millio

273 3448 402 3514 talento.
447 3471 519 3517 cum
546 3458 652 3518 actem
678 3473 745 3518 non
767 3452 893 3520 taceat
913 3455 998 3520 aede
1019 3455 1170 3534 redderet
1203 3456 1303 3520 lossii
1332 3475 1404 3519 com

275 3551 426 3618 domines
446 3555 630 3621 accendero·
663 3560 692 3620 et
718 3574 847 3621 acorem
877 3558 944 3622 cias
972 3562 1001 3622 er
1021 3557 1106 3640 clos
1135 3563 1166 3623 et
1186 3559 1300 3624 creole
1324 3569 1437 3639 pam³⁰

271 3653 404 3722 hahebat
424 3662 453 3721 ct
474 3658 564 3724 reddi
585 3659 732 3726 deditam.
754 3660 928 3742 procidens
950 3666 1188 3728 coemamus
1211 3661 1267 3728 ille
1291 3662 1404 3727 orabat

367 3879 384 3933 6
401 3880 498 3936 Marcu
518 3881 559 3946 18,
578 3881 621 3936 21.
639 3881 673 3934 22
742 3881 777 3936 23
793 3882 829 3939 ib.
851 3883 891 3952 18,
910 3883 1015 3940 21-35

318 4083 492 4138 lhomIttem
514 4088 541 4141 V
624 4085 774 4156 8septiaes
792 4093 854 4142 m.1
942 4089 1155 4158 9septuagesiea
1171 4106 1188 4144 o
1206 4095 1234 4145 et
1251 4091 1338 4188 iorsrg

266 4183 300 4236 13
319 4188 383 4254 aput
398 4193 467 4241 aaz
561 4189 594 4247 21
613 4190 804 4244 contumatiam
897 4191 931 4246 28
949 4192 1145 4261 praesentario
1231 4192 1267 4248 29
1284 4194 1402 4248 retderet

265 4269 298 4337 (⁰⁴¹
314 4287 351 4327 m.
367 4275 432 4340 rec.)
503 4273 536 4329 31
555 4273 658 4328 reddidi
