3050 5000
468 373 510 427 De
528 374 621 427 mado
638 371 786 427 Athanasio
803 371 872 425 liber
887 372 907 426 I.
1192 375 1254 442 143

123 566 187 629 lari
210 565 333 642 affectu,
356 563 406 629 his
427 564 576 629 cunctam
598 561 733 645 gloriam
747 564 838 646 regni
851 563 899 627 tui
916 562 1053 640 exhibes,
1077 562 1134 629 bos
1151 564 1253 631 socios

126 668 223 751 atque
245 666 414 750 participes
444 666 558 731 addai
590 664 758 730 delendam
787 664 998 730 hereditatem
1026 666 1058 729 in
1079 666 1135 731 tuo
1156 684 1255 750 regno

125 771 241 845 babes;
263 769 336 835 illos
357 768 463 834 fecisti
483 769 669 852 locupletes,
691 767 766 833 illos
789 767 928 833 extulisti
944 786 1038 851 supra
1053 788 1161 835 omnes
1176 789 1254 835 oon-

127 872 256 937 stu'tutos
277 872 310 937 in
333 871 539 950 sublimitate,
568 872 627 935 hoc
656 872 706 935 est
734 888 798 950 cos,
833 871 887 953 qui
916 890 950 936 se
979 872 1094 937 uestris
1120 874 1255 939 miscere

91 990 112 1031 e
127 977 318 1041 censuerunt
343 975 492 1040 tenebris.
535 974 634 1057 igitur
661 992 733 1039 cum
761 974 805 1039 sis
834 975 913 1039 baec
943 992 1041 1057 meus
1074 994 1154 1058 quae
1183 976 1255 1044 odic

126 1079 245 1145 habeat
267 1079 354 1157 deus,
384 1078 540 1161 quomodo
564 1077 726 1143 arbitraris
747 1077 780 1141 te
804 1077 906 1143 audiui
934 1095 1026 1159 posse
1055 1097 1073 1145 a
1106 1078 1165 1143 deo
1190 1080 1254 1157 aut,

127 1182 155 1245 si
176 1181 291 1247 feceris
314 1182 555 1267 eleemosynam,
578 1199 670 1263 posse
692 1180 752 1245 tibi
773 1179 849 1245 ferri
872 1181 1023 1263 accepto?
1046 1199 1119 1245 cum
1143 1181 1254 1247 audias

127 1303 202 1348 eum
224 1283 346 1349 dicere:
368 1289 445 1349 tuac
466 1285 589 1349 eaeor
609 1284 806 1349 mnutiascn
828 1282 936 1349 wesen
957 1288 1057 1366 mum,
1078 1289 1107 1351 et
1129 1285 1254 1350 sunites

126 1394 185 1453 tua
206 1388 267 1452 cito
288 1388 417 1469 otides,
438 1392 467 1452 ct
483 1387 650 1469 praecedet
670 1390 745 1451 date
767 1390 797 1451 te
820 1386 957 1466 iustitia,
980 1390 1010 1450 et
1030 1388 1180 1453 maiestas
1201 1387 1253 1453 dei

82 1506 113 1546 ¹0
127 1489 338 1557 circumdedit
359 1494 397 1555 te.
443 1493 518 1555 tuac
544 1488 709 1568 otomatis,
743 1493 773 1553 ct
798 1488 875 1554 deas
902 1488 1050 1555 watcdwt
1072 1493 1109 1556 te.
1154 1490 1257 1557 adbuc

129 1594 267 1676 moesti
288 1594 347 1659 tibi
367 1595 467 1660 dicet:
488 1613 554 1660 ecce
575 1594 701 1661 edeam
736 1592 857 1674 aliquid
877 1592 911 1657 te
934 1610 1042 1657 eorum
1064 1612 1156 1676 posse
1178 1612 1256 1659 oon-

128 1698 220 1779 sequi
242 1697 413 1776 arbitraris,
449 1696 704 1781 quandoquidem
731 1714 794 1761 non
822 1696 926 1761 ortum
954 1696 1012 1761 tibi
1034 1695 1128 1761 fuerit
1149 1696 1256 1761 matu-

126 1800 229 1865 tinum
252 1800 369 1879 lumen,
398 1800 457 1865 sed
486 1801 635 1866 tenebrae
656 1798 891 1865 inextricabiles
914 1798 1095 1865 obsederint
1118 1799 1256 1863 animum

127 1903 219 1968 tuum
243 1904 337 1986 atque
359 1903 551 1985 pertexerint
574 1920 714 1967 errorum
736 1902 910 1984 caligines?
948 1920 1029 1983 quae
1059 1902 1178 1967 sanitas
1199 1900 1258 1966 tibi

79 2028 112 2068 rs
129 2006 241 2071 oborta
256 2006 314 2086 est,
331 2025 405 2071 cnm
420 2007 465 2072 sis
479 2007 601 2090 positus
615 2007 648 2071 in
663 2006 749 2071 omni
763 2006 895 2071 umuere
910 2006 1031 2085 mortis,
1054 2025 1127 2071 cum
1141 2006 1257 2071 cotidie

125 2112 302 2193 augmenta
322 2111 427 2193 parias
450 2110 633 2176 umbonibus
654 2109 730 2189 tuis,
757 2128 831 2175 cum
860 2108 939 2174 daus
968 2127 1095 2191 operam
1118 2108 1171 2187 sis,
1195 2126 1256 2191 quo

128 2214 232 2294 possis
253 2214 379 2297 penitus
400 2215 501 2279 temet
523 2214 726 2296 extiuguers?
747 2213 838 2281 nobis
854 2213 971 2278 etenim
986 2231 1048 2278 non
1064 2212 1190 2277 aliunde
1207 2212 1257 2277 est

129 2318 259 2395 sanitas,
283 2317 343 2382 nisi
364 2317 463 2400 primo
485 2317 517 2381 in
539 2317 610 2382 loco
635 2317 709 2399 quia
731 2315 968 2396 crediderimus,
998 2317 1033 2381 ut
1056 2315 1257 2382 crediderunt

126 2420 325 2503 patriarchae
348 2421 520 2503 propbetas
545 2419 738 2504 apostoliae
761 2420 925 2506 martyres.
970 2420 1127 2505 quomodo
1148 2418 1254 2504 potest

76 2525 161 2590 note
182 2523 373 2606 praeoedere
395 2525 527 2604 iustitia,
550 2544 624 2590 cum
645 2525 732 2590 totus
753 2525 786 2588 in
808 2524 963 2590 iniustitia
985 2525 1029 2590 sis
1054 2541 1252 2607 permanens,

128 2645 203 2691 cum
217 2629 339 2693 sentina
355 2628 398 2693 sis
413 2628 538 2693 Arriani
554 2628 721 2712 dogmatis,
744 2647 818 2693 cum
841 2627 1090 2694 Christianorum
1112 2627 1156 2692 sis
1171 2626 1257 2692 fusor

129 2731 311 2813 sauguinis?
342 2731 552 2816 quomodote
573 2732 724 2796 mmemas
741 2731 794 2796 dei
816 2731 1036 2810 circumdabit,
1060 2749 1133 2796 cum
1157 2747 1255 2813 expu-

128 2850 229 2914 gnans
250 2835 353 2916 ipsam
374 2834 576 2900 maiestatem
598 2834 651 2912 sis,
675 2851 770 2915 quam
800 2831 1020 2916 derelinquens
1041 2832 1256 2898 idololatriam

128 2936 255 3001 Arriam
278 2937 434 3020 dogmatis
450 2937 610 3019 suscipere
626 2937 806 3002 censueris?
829 2935 985 3018 quomodo
1000 2937 1075 3000 tunc
1092 2935 1254 3013 clamabis,
1272 2927 1277 2935 ’

78 3067 113 3109 as
129 3040 163 3103 et
186 3038 263 3105 deus
287 3040 434 3106 exaudiet
459 3040 501 3122 ts,
537 3040 638 3104 adbuc
667 3039 808 3121 loquenti
836 3039 895 3104 tibi
923 3038 1023 3104 dicet:
1051 3059 1104 3122 epo
1130 3039 1255 3116 adsum

128 3143 276 3208 cumeis
304 3161 422 3226 negans
452 3143 546 3208 deum
572 3144 710 3224 patrem,
744 3159 864 3224 negans
892 3142 1019 3206 unicum
1048 3141 1149 3206 filium
1178 3139 1255 3216 eius,

128 3263 248 3328 uagam
271 3247 416 3312 sanctum
437 3245 625 3328 paraclitum
647 3244 812 3327 spiritum?
849 3245 1005 3328 quemodo
1029 3244 1083 3310 aut
1106 3241 1254 3316 exauffire

28 3395 31 3399 -
128 3350 164 3414 te
185 3349 301 3432 poterit
323 3351 378 3415 aut
399 3350 505 3414 dicem
525 3350 600 3414 libi:
628 3369 694 3415 ecce
721 3350 845 3427 adsum
874 3367 947 3414 cum
969 3347 1078 3426 uertis,
1103 3345 1255 3429 quantum

132 3451 217 3535 apud
237 3453 271 3518 te
295 3454 359 3531 est,
390 3453 458 3518 eius
485 3451 687 3536 religionem,
715 3471 788 3516 cum
812 3453 878 3517 eius
902 3451 1060 3516 antistites
1082 3449 1255 3515 catholicos

80 3581 116 3620 eo
130 3555 304 3621 remoueris
334 3557 366 3621 et
393 3555 571 3621 haereticos
598 3554 820 3620 constitueris?
864 3553 1019 3637 quomodo
1047 3555 1080 3619 te
1109 3551 1255 3618 exaudiet

234 3778 312 3832 sss.
331 3779 373 3843 58,
392 3779 416 3833 8.
435 3779 452 3831 9

183 3983 306 4041 lexibes
394 3985 507 4040 5hodio
594 3986 719 4042 daudire
813 3987 1016 4058 telymosinam
1102 3952 1169 4069 terro}
1188 3986 1203 4055 (¹
1222 4000 1257 4037 ua

130 4111 196 4178 rec.)
269 4109 301 4161 14
318 4108 574 4176 praetexerintsort.
645 4081 729 4162 offam
742 4111 773 4176 (¹⁰
784 4127 819 4164 m.
830 4111 857 4176 1)
928 4107 1188 4177 caligineLnttotus

129 4196 166 4250 19
182 4195 329 4265 patriarcac
397 4193 431 4248 23
448 4193 614 4292 idolatriam¹
667 4194 701 4248 27
718 4195 836 4250 emudiri
851 4201 919 4250 cal
989 4194 1022 4247 29
1040 4195 1104 4262 aput
1120 4199 1188 4248 m.1

128 4299 273 4354 antestites
294 4315 328 4352 m.
346 4303 362 4352 1
431 4296 466 4350 30
481 4313 626 4352 remoueres
646 4299 661 4367 (¹
680 4315 715 4354 m.
732 4301 797 4367 rec.)
