3050 5000
459 358 501 412 De
519 362 610 413 sancto
629 361 776 417 Athanasio
794 360 862 417 liber
878 363 911 417 11.
1190 364 1250 429 181

127 545 317 613 domesticos
338 549 449 628 testes,
472 551 619 633 poterunt
642 552 674 616 et
695 553 944 635 comblasphemi
965 555 1013 619 tui
1038 574 1056 619 a
1079 556 1137 621 deo
1162 556 1251 621 dere-

124 652 202 731 licti,
226 652 293 717 sine
313 653 432 718 lumine
454 654 491 717 ut
510 655 547 718 tu
570 673 603 719 es
625 654 719 737 positi
741 655 862 719 Iudaei.
899 658 925 723 si
949 658 1032 723 enim
1054 678 1112 725 uos
1134 662 1248 726 haere-

124 755 182 819 tici
205 756 237 821 et
253 756 381 839 quidem
396 758 536 823 omnium
552 759 711 823 sectarum
729 758 918 825 admittendi
934 763 1010 827 estis
1025 763 1125 829 testes
1141 764 1252 829 contra

126 859 331 940 Christianos,
355 861 470 928 debent
492 862 524 926 et
547 863 663 927 ethnici
686 862 719 928 et
733 861 854 941 Iudaei,
880 865 1035 948 siquidem
1058 867 1125 931 siue
1140 867 1252 934 Iudaei

98 963 194 1028 ⁵siue
218 964 336 1029 ethnici
364 965 432 1031 siue
454 985 512 1031 uos
534 965 687 1031 haeretici
709 967 804 1048 positi
829 968 916 1032 orba
944 969 1061 1035 domini
1085 973 1251 1038 ecelesiam

125 1068 195 1132 sitis
210 1068 277 1133 sine
294 1068 363 1146 deo,
379 1070 415 1133 nt
428 1070 503 1135 tnnc
518 1069 566 1133 illi
581 1070 687 1134 cuncti
703 1070 757 1152 qui
772 1089 832 1135 non
848 1070 963 1136 hremnt
977 1074 1009 1137 in
1026 1092 1100 1139 arca
1115 1078 1251 1143 sanctis-

130 1170 203 1235 simi
221 1172 300 1237 Noe.
338 1172 376 1236 ut
398 1172 481 1237 enim
502 1172 549 1236 illi
571 1172 666 1254 positi
690 1173 778 1237 extra
801 1192 907 1238 arcam
932 1176 1050 1241 saluari
1073 1198 1135 1244 non
1156 1181 1251 1262 potu-

128 1274 229 1354 erunt,
251 1275 299 1339 ita
320 1294 378 1341 noc
402 1295 468 1355 uos,
498 1275 555 1341 sed
584 1276 629 1341 sic
653 1276 723 1341 sitis
751 1276 919 1356 interituri,
949 1279 1009 1343 nisi
1033 1282 1198 1347 credentes
1221 1284 1252 1348 in

129 1379 257 1443 unicum
281 1380 331 1444 dei
353 1380 454 1444 filium
471 1380 538 1444 eina
552 1379 585 1444 in
601 1381 712 1443 sancta
728 1380 864 1445 ecclesia
879 1380 1001 1447 meritis
1017 1386 1252 1451 commanentes

84 1485 113 1525 ¹⁰
127 1483 300 1548 nobiscum.
340 1483 367 1547 si
388 1483 485 1566 igitur
506 1483 606 1547 testes
629 1501 730 1565 neque
753 1483 790 1547 tu
812 1503 913 1566 neque
937 1486 1184 1570 comblasphemi
1205 1490 1253 1555 tui

129 1606 200 1653 esse
222 1587 365 1669 potestis,
395 1587 550 1670 quomodo
573 1586 687 1666 fecisti,
717 1587 925 1653 insulsissime
954 1608 1018 1668 rer,
1051 1591 1191 1657 damnari
1222 1595 1253 1657 et

127 1689 256 1771 quidem
281 1711 300 1754 a
322 1691 601 1756 consacerdotibus
616 1691 682 1755 suis
696 1690 795 1755 totius
811 1690 913 1756 uirum
929 1693 1147 1759 innocentiae?
1171 1695 1253 1761 addo

126 1792 217 1871 illud,
247 1794 321 1875 quia
348 1795 413 1859 iam
440 1794 530 1859 illum
561 1793 796 1858 accusaueratis
824 1792 921 1859 fuisse
950 1796 1141 1861 homicidam
1171 1800 1253 1881 apud

128 1894 292 1961 Serdicam
313 1899 346 1963 in
369 1898 486 1982 synodo
509 1898 748 1976 catholicorum,
773 1897 804 1961 et
826 1900 958 1980 probare
973 1899 1102 1965 minime
1117 1902 1254 1968 ualuerit

83 2012 112 2053 1⁵
125 1999 277 2084 iniquitas
300 2001 417 2065 uestra
442 2001 525 2066 addo
548 2001 632 2084 quod
655 2001 781 2083 tuipse
807 2001 847 2065 ad
871 2002 1040 2067 ecclesiam
1063 2004 1252 2071 Alexandri-

126 2124 238 2169 norum
267 2105 393 2170 dederis
420 2104 545 2169 litteras
574 2104 741 2169 adstruens
770 2103 860 2168 illum
889 2104 992 2169 uirum
1021 2106 1149 2186 iustum,
1185 2109 1252 2191 epi-

126 2226 257 2290 scopum
272 2208 473 2273 catholicum.
499 2208 539 2273 ad
554 2207 712 2286 ultimum,
728 2207 857 2272 tametsi
871 2209 1046 2289 peccasset,
1062 2210 1253 2276 Athanasius

125 2312 229 2376 fuerat
250 2312 415 2395 pellendus
439 2332 458 2377 a
479 2313 592 2395 populo
616 2312 677 2377 sibi
705 2311 883 2389 commisso,
919 2313 951 2375 et
979 2314 1107 2394 quidem
1135 2314 1171 2378 ut
1198 2313 1252 2378 ille

124 2418 259 2500 populus
289 2417 386 2483 alium
410 2437 426 2481 e
449 2435 578 2500 corpore
606 2435 663 2481 suo
684 2416 821 2501 [dignum
849 2416 973 2499 peteret
1003 2416 1063 2481 sibi
1090 2416 1160 2481 fieri
1184 2417 1253 2500 epi-

83 2535 111 2576 20
126 2539 273 2604 scopum3
297 2523 480 2588 nontamen
492 2520 598 2585 fuerat
612 2521 719 2603 gladio
734 2540 790 2602 per
805 2521 837 2584 te
852 2521 1073 2602 imperatorem
1088 2521 1252 2603 petendus.

128 2627 162 2688 at
184 2643 256 2690 cnm
278 2628 314 2691 tu
335 2627 407 2692 loco
434 2624 619 2702 innocentis,
656 2624 687 2688 in
717 2642 811 2705 quem
841 2623 917 2688 nihil
947 2624 1013 2688 ueri
1042 2625 1252 2701 constitueris,

124 2732 197 2796 loco
219 2730 368 2795 catholici
390 2728 514 2794 miseris
537 2727 787 2809 consacrilegum
801 2727 891 2792 tuum
909 2728 1080 2810 Georgium
1097 2730 1128 2792 et
1143 2729 1253 2793 nolen-

124 2836 212 2900 tibus
242 2835 309 2899 eius
341 2832 496 2897 maculari
525 2830 691 2913 sacrilegio
720 2831 826 2896 tantas
857 2831 1062 2896 contumelias
1085 2833 1254 2916 tantasque

124 2938 270 3003 intuleris
292 2955 420 3019 poenas,
442 2936 479 2998 ut
493 2934 644 3016 plurimos
659 2934 890 3017 proscripseris,
913 2935 1106 3017 relegaueris
1128 2937 1160 3000 in
1184 2937 1251 3000 exi-

84 3043 179 3107 aliis
199 3043 231 3106 in
253 3040 402 3118 metallis,
426 3057 521 3121 quam
543 3039 695 3121 plurimos
719 3039 815 3102 etiam
830 3038 1025 3102 interfeceris
1049 3039 1081 3102 et
1095 3039 1252 3121 hodieque

125 3166 188 3212 non
213 3143 338 3210 desinas
361 3163 399 3209 ea
413 3143 518 3207 facere
534 3143 763 3224 blasphemiam
777 3143 877 3220 tuam,
901 3161 981 3225 quae
999 3143 1095 3206 estet
1113 3144 1250 3226 Georgii,

127 3250 288 3332 suscipere
310 3247 499 3323 nolentibus,
524 3265 604 3327 quae
626 3246 700 3310 irati
715 3246 823 3311 hostes
839 3246 1045 3310 inmanissimi
1060 3247 1186 3311 barbari
1201 3248 1254 3311 uix

125 3353 262 3430 faciant,
296 3351 453 3434 quomodo
481 3352 514 3414 te
545 3350 706 3414 arbitraris
732 3368 826 3431 posse
859 3349 1001 3431 intellegi
1030 3348 1252 3430 Christianum,

127 3457 182 3540 qui
199 3458 230 3521 et
244 3457 320 3521 feris
335 3453 528 3520 saeuissimis
550 3453 690 3518 uidearis
713 3471 782 3518 esse
798 3453 930 3518 ferocior
946 3452 978 3516 et
991 3453 1093 3518 beluis
1110 3453 1253 3522 omnibus

85 3560 302 3628 ³⁰inmanior?
329 3558 418 3623 fuisti
441 3575 536 3622 ausus
560 3557 665 3622 dicere
687 3556 896 3622 Athanasium
918 3555 1167 3638 percutiendum,
1191 3577 1251 3623 non

128 3663 325 3745 conspiciens
360 3663 434 3726 trmc
463 3680 521 3728 uos
549 3661 698 3727 Arrianos
727 3679 798 3726 esso
827 3660 952 3743 punitos
986 3659 1017 3724 et
1045 3660 1171 3742 quidem
1201 3660 1253 3724 dei

180 3920 213 3974 13
230 3921 291 3974 illut
308 3938 341 3974 cc.
360 3926 376 3974 1
447 3920 541 3974 sestis
553 3925 693 3989 exspectes
764 3918 798 3971 14
807 3917 911 3988 probari
921 3918 991 3972 coeci.
1005 3918 1092 3973 Golctc'
1161 3918 1194 3972 15
1206 3917 1254 3970 ini·

128 4008 216 4077 quites
228 4024 253 4070 c,
271 4007 422 4075 iniquitatis
444 4008 471 4061 V
536 4007 567 4060 21
588 4006 622 4059 ad
690 4005 857 4059 constitueris
875 4005 979 4074 scripsi
999 4007 1049 4074 (aa
1066 4005 1253 4072 constiteritl)‚

126 4093 295 4148 constituerit
315 4095 347 4157 V,
365 4093 531 4162 tu'iniqunm
547 4092 614 4145 nihil
631 4093 730 4146 ueritus
747 4091 895 4146 restitueris
913 4094 941 4144 et
958 4093 1028 4146 coac.
1047 4091 1185 4146 Latinitas

125 4198 161 4251 22
178 4196 302 4251 catholici
324 4196 565 4260 cohibebimus,
593 4169 730 4279 catholicis
749 4200 769 4264 (¹¹
786 4213 820 4250 m.
839 4197 903 4263 ree.)
927 4197 954 4252 V
1018 4193 1052 4246 25
1069 4193 1199 4263 hodieque
1220 4195 1252 4256 V,

125 4283 206 4338 hodie
223 4301 248 4348 c,
265 4282 344 4337 hodie
362 4298 463 4352 qnoque
481 4283 548 4350 fort.
616 4282 650 4336 29
668 4281 736 4336 feres
753 4299 788 4336 nc.
806 4287 821 4336 1
