3050 5000
587 389 773 458 Epistulae.
1181 391 1244 466 32¹5

117 575 267 642 tenentes
295 575 501 657 apostolicam
529 577 730 642 traditionem
759 578 867 643 uiuere
896 578 982 644 iuxta
1011 578 1135 642 diuinae
1162 578 1244 659 legis

119 679 282 757 mandata,
304 680 342 743 ut
362 680 517 762 possimus
538 682 702 765 nobiseum
724 683 857 746 inueniri
878 683 910 747 in
932 684 1026 756 choro
1040 681 1105 758 illo,
1127 681 1159 744 in
1183 699 1243 762 quo

120 801 203 846 nune
227 781 368 846 eurltant
380 783 577 864 patriarchae
591 785 762 866 prophetae
779 785 912 866 apostoli
928 803 963 848 ao
981 784 1144 867 martyres.
1166 783 1245 848 lieet

120 883 219 966 igitur
241 885 374 950 Aniena
395 886 518 950 insania
540 905 612 950 oum
636 887 784 950 extranea
806 887 946 969 potentia
967 887 1014 950 ita
1037 906 1070 950 so
1085 886 1244 961 mouebat,
1340 905 1341 908 ¹

91 1006 106 1040 a
121 987 233 1052 utnon
248 987 360 1052 liceret
374 1007 433 1052 nee
447 989 570 1067 fratres,
588 992 738 1072 quantum
752 991 801 1054 illi
817 990 1009 1067 saeuiebent,
1024 990 1122 1055 libere
1136 1008 1245 1054 ,aerem

122 1090 243 1167 uidere,
265 1092 373 1155 tamen
395 1091 483 1156 iuxta
498 1093 655 1157 orationes
669 1093 742 1157 tuas
757 1093 817 1158 deo
833 1093 959 1158 fauente
975 1093 1035 1158 etsi
1050 1111 1122 1156 oum
1136 1092 1244 1156 labore

122 1193 157 1256 et
172 1193 310 1274 periculo
325 1193 435 1258 uidere
450 1195 539 1277 potui
553 1194 692 1273 tabem,
709 1196 763 1276 qni
779 1196 860 1260 solet
873 1197 940 1260 tem
956 1195 1135 1262 necessaria
1150 1212 1244 1277 quem

123 1295 275 1377 epistulas
296 1297 363 1362 tem
386 1297 564 1362 sanctitatis
585 1299 660 1363 tuae
683 1317 778 1380 quam
803 1298 935 1363 aliorum
958 1298 1124 1362 destinare.
1150 1314 1244 1360 acoe-

123 1398 226 1479 pimus
248 1398 356 1481 itaquo
369 1399 531 1482 epistulas
561 1398 594 1462 et
614 1399 712 1464 libros
733 1399 991 1481 religiosissimae
1015 1417 1051 1462 ao
1075 1397 1244 1480 sapientis-

76 1520 107 1558 10
123 1500 222 1564 simae
235 1501 357 1566 animae
367 1503 452 1578 tuae,
463 1501 496 1563 in
504 1501 616 1583 quibus
624 1501 838 1584 perspeximus
849 1502 1019 1584 imaginem
1031 1501 1246 1584 apostolicam,

122 1603 273 1668 fiduciam
295 1604 521 1686 propheticam,
543 1605 761 1687 magisterium
783 1606 936 1682 ueritatis
962 1605 1136 1670 doctrinam
1150 1622 1245 1669 uerae

123 1708 209 1784 fidei,
231 1708 317 1774 uiam
340 1707 521 1783 caelestem,
551 1708 692 1792 martyrii
715 1709 858 1791 gloriam,
887 1709 1061 1790 triumphos
1093 1707 1245 1772 aduersus

122 1813 286 1877 haeresem
310 1811 485 1889 Anienem,
507 1811 711 1876 traditionem
732 1811 888 1894 integram
911 1812 1035 1894 patrum
1059 1811 1245 1887 nostrorum,

122 1915 266 1998 regulam
287 1915 407 1978 restem
431 1914 640 1978 ecelesiastici
656 1913 783 1980 ordinis.
808 1933 915 1980 ouere
930 1914 1066 1990 Lucifer,
1091 1914 1144 1996 qni
1158 1913 1247 1978 iuxta

75 2022 235 2097 15nomen
256 2018 363 2082 lumen
383 2017 529 2081 ueritatis
548 2015 652 2081 ferens
681 2015 813 2098 posuisti
837 2035 929 2098 super
951 2016 1185 2092 candelabrum,
1209 2015 1248 2080 ut

121 2122 231 2186 luceat
252 2121 405 2186 omnibns.
436 2120 505 2201 quis
528 2120 611 2183 enim
634 2119 773 2200 exeeptis
796 2119 936 2182 Arrianis
959 2138 1019 2185 non
1041 2118 1186 2200 pernidet
1210 2135 1246 2180 ex

121 2224 179 2289 tua
194 2223 337 2288 doctrina
347 2241 455 2287 ueram
469 2221 595 2304 quidem
607 2221 714 2298 fidem,
729 2222 889 2286 maculam
902 2224 1007 2286 autem
1020 2221 1246 2286 Atrianorum?

122 2327 273 2392 11111111
296 2325 531 2404 admirabiliter,
555 2325 590 2388 ut
613 2326 662 2390 est
682 2325 789 2391 lumen
814 2345 832 2390 a
853 2326 1001 2404 tenebris,
1024 2325 1070 2388 ite
1092 2322 1246 2405 separasti

121 2429 293 2494 ueritatem
320 2427 535 2494 a.ealliditete
565 2429 598 2494 et
624 2429 780 2513 hypocrisi
808 2429 1047 2507 haeretieorum,
1078 2425 1246 2492 defendisti

74 2548 108 2587 2⁰
122 2533 311 2597 eetholioam
335 2531 512 2608 eeclesiam,
535 2533 675 2613 probasti
696 2532 780 2598 nihil
798 2552 867 2597 esse
891 2532 947 2597 sed
969 2532 1092 2596 tantum
1108 2531 1244 2613 phanta-

122 2636 203 2700 siam
225 2635 427 2701 Anianorum
443 2635 549 2711 uerba,
574 2634 710 2699 docuisti
724 2634 894 2701 calcandos
911 2654 983 2699 esso
995 2634 1155 2701 frendores
1173 2633 1244 2697 dia-

121 2738 252 2803 bolioos.
276 2757 370 2821 quam
392 2738 475 2801 bona
496 2738 685 2802 etioounda
706 2738 904 2803 hortamenta
917 2738 974 2803 tna
997 2738 1038 2801 ad
1051 2737 1245 2821 martyrium,

122 2861 219 2923 quem
242 2840 563 2908 desiderantissimam
593 2841 759 2907 ostendisti
788 2842 922 2907 mortem
950 2861 1020 2908 osse
1041 2860 1096 2923 pro
1121 2840 1245 2905 Christo

120 2944 187 3008 filio
212 2943 273 3020 dei,
297 2964 391 3026 quem
412 2943 509 3009 futuri
532 2945 653 3011 saeculi
675 2945 709 3009 et
722 2928 808 3010 niteo
824 2946 970 3011 caelestis
987 2963 1125 3027 amorem
1140 2942 1245 3009 mani·

74 3059 106 3099 2⁵
120 3046 261 3112 festasti!
285 3046 403 3110 uideris
419 3065 614 3112 essenorum
630 3048 784 3130 templum
800 3048 966 3113 saluatoris
990 3048 1088 3129 quiin
1103 3047 1136 3111 te
1150 3046 1245 3111 hebi-

119 3151 194 3215 tans
208 3152 286 3215 haee
301 3150 438 3232 ipseper
453 3151 487 3215 te
501 3151 649 3233 loquitur,
658 3151 733 3234 ipse
749 3152 803 3232 qui
813 3152 936 3215 tentam
950 3151 1085 3233 gratiam
1098 3148 1248 3232 praebuit

121 3254 317 3318 sermonibus
338 3253 412 3329 tuis,
442 3253 556 3335 quippe
586 3253 734 3333 quiante
758 3271 828 3317 eras
852 3252 934 3333 epud
958 3272 1065 3317 omnes
1090 3251 1244 3327 amabilis,

119 3375 203 3421 nuno
225 3356 331 3419 temen
353 3355 461 3420 tantus
484 3356 534 3420 est
549 3374 638 3439 emor
652 3355 825 3421 affectionis
839 3356 914 3421 tuae
929 3356 962 3420 in
978 3355 1090 3431 animis
1106 3354 1243 3437 omnium

120 3458 314 3535 oonloeetus,
337 3458 373 3521 ut
393 3457 520 3521 Heliam
541 3458 574 3521 te
596 3458 791 3539 temporibus
806 3460 921 3523 nostris
936 3460 1104 3523 nominent.
1129 3460 1160 3523 et
1182 3477 1242 3522 non

73 3573 105 3611 ³0
118 3560 251 3635 mirum;
274 3561 301 3625 si
324 3561 406 3625 enim
429 3560 483 3641 qui
506 3560 565 3624 deo
580 3560 706 3641 plaeere
729 3561 877 3626 uidentur
892 3562 950 3663 filii
967 3561 1018 3627 dei
1033 3562 1241 3639 nominantur,

172 3782 206 3833 14
223 3782 296 3833 iuxta
314 3796 409 3834 nornen
420 3782 555 3851 qloeeemo
572 3782 654 3835 babet
669 3783 840 3836 Golloada'as
911 3783 942 3835 15
960 3785 1044 3838 lucem
1056 3783 1173 3852 Popebr.

119 3867 154 3920 16
171 3867 260 3921 luceas
281 3868 346 3921 Vere.
448 3866 576 3935 peruidet,
597 3867 665 3936 quod
683 3885 714 3922 er
730 3898 766 3908 —
782 3870 950 3923 Arrianorum
967 3870 1045 3923 uelde
1063 3900 1097 3909 —
1115 3857 1243 3937 separasti

116 3970 144 4008 n
163 3968 180 4006 a
197 3968 219 4007 0.
238 3954 300 4005 eea
322 3952 455 4021 presiate
479 3951 669 4007 haeretieorum
691 3956 735 4008 oa
758 3956 857 4009 sertore
881 3961 907 4009 et
926 3954 1077 4025 oestroque
1096 3955 1174 4021 cerff
1247 3937 1251 3949 '

118 4040 154 4093 18
171 4038 266 4093 ualido
278 4039 397 4108 Papebr.
484 4038 516 4091 19
534 4040 682 4110 hypoehrisi
767 4040 801 4093 20
818 4041 961 4095 fantasiam
1046 4040 1077 4093 21
1097 4038 1251 4107 frendores]'

113 4124 250 4196 praesides
263 4125 342 4191 Cfoiffi
410 4124 445 4177 23
462 4125 703 4180 desiderantissimi
722 4130 750 4196 (a
768 4144 801 4181 ea
820 4144 834 4180 e
851 4146 884 4182 m.
902 4130 931 4195 1)
949 4128 978 4195 V,
997 4116 1250 4180 desiderantissime

118 4212 200 4279 stiffi
296 4209 458 4265 moriendum
475 4227 533 4265 esse
551 4212 632 4279 Cba‘ffi
650 4214 729 4268 codd.
747 4220 774 4267 et
796 4216 859 4269 Veo.
926 4201 996 4265 '25
1013 4229 1074 4266 uere
1094 4213 1172 4280 stiffi

117 4297 153 4351 26
170 4297 235 4351 haee
252 4297 310 4365 ipse
327 4297 386 4353 eod.
405 4297 489 4367 Sorae.
558 4297 591 4350 27
610 4299 663 4351 suis
685 4301 712 4353 V
725 4306 792 4354 oa1
863 4301 927 4368 aput
995 4298 1226 4355 amabiles
