3050 5000
520 360 562 413 De
579 358 685 430 regibus
703 360 865 430 apostaticis.
1214 363 1254 430 41

124 546 486 632 wenemecumbe
503 548 645 632 amenas
659 508 863 616 neare‘eae
877 569 974 632 esque
989 551 1033 616 ae
1047 551 1130 618 cem
1144 554 1255 618 mee

121 670 214 732 ecoe,
238 651 390 734 quooiom
405 650 528 735 legebat
543 651 696 718 Samuhel
710 653 748 718 in
763 652 857 735 Saul,
873 659 901 719 et
916 655 1082 722 dominnm
1092 655 1256 739 paenituit

126 755 279 836 quoniam
299 774 401 838 regem
422 755 498 836 feeit
518 755 603 822 Saul
623 775 719 839 super
740 755 857 824 Israel.
881 761 912 822 et
932 757 1016 822 dieo
1037 759 1186 824 dominus
1208 759 1252 825 ed

125 856 295 924 Samuhel:
316 874 473 942 quousque
494 859 580 943 luges
602 864 637 924 ta
658 861 697 924 tn
717 860 829 927 Saul?
856 879 920 926 ecee
942 881 994 944 ego
1016 862 1136 945 capello
1157 863 1252 928 illem

89 981 112 1021 e
126 981 166 1028 ne
187 967 294 1046 regnet
316 982 410 1045 super
432 961 547 1044 Israel,
578 967 607 1026 et
636 961 735 1047 imple
765 982 864 1029 corae
893 963 1079 1048 baumoleo,
1111 969 1140 1029 et
1166 967 1253 1052 oeni,

125 1067 253 1131 mittem
274 1071 303 1132 le
325 1066 368 1131 ad
390 1066 474 1132 lesse
495 1067 651 1148 usquein
672 1065 867 1148 Bethlehem,
896 1068 1050 1150 quoniam
1081 1069 1197 1134 metae
1218 1072 1255 1136 e'ee

124 1167 205 1251 filiis
228 1169 313 1234 Iesse
334 1169 416 1234 miti
437 1169 475 1233 io
496 1188 608 1253 regem.
632 1186 822 1252 cognoscere
838 1169 1045 1252 impeteris,
1071 1171 1247 1252 Constanti,

127 1270 226 1336 etiam
253 1271 436 1355 reprobatos
468 1291 487 1338 a
516 1272 651 1350 domino,
686 1273 783 1338 etiam
814 1273 855 1337 ad
881 1274 1043 1340 aeternam
1074 1275 1248 1342 destinates

125 1377 259 1440 mortem
282 1375 336 1440 diu
353 1394 485 1459 regnare
500 1374 573 1458 poet
595 1375 747 1441 delictum
761 1394 859 1460 graue
876 1377 1088 1458 commissum,
1106 1380 1251 1462 qnando-

76 1494 111 1534 ιο
127 1480 255 1563 quidem
277 1479 398 1559 uideas,
421 1480 631 1564 posteaquem
658 1480 773 1546 unctus
795 1481 890 1546 luerit
911 1482 943 1546 in
964 1501 1073 1565 regem
1095 1483 1251 1566 gloriosus

125 1584 212 1649 filius
234 1584 323 1648 Iesse
345 1583 460 1662 Dauid,
483 1582 591 1649 tamen
615 1582 692 1648 Saul
715 1583 770 1649 diu
791 1585 973 1667 regnauerit
996 1585 1028 1651 et
1040 1586 1251 1670 persequendi

122 1689 224 1754 etiam
240 1706 322 1765 eum,
340 1705 434 1770 quem
450 1687 510 1752 eibi
526 1687 605 1752 dene
620 1687 852 1769 inprophetanr
869 1687 963 1771 atque
978 1707 1086 1772 regem
1103 1689 1253 1774 elegerat,

124 1791 272 1857 habuerit
293 1788 501 1872 potestatem
524 1789 628 1855 melus
643 1790 770 1868 bonum,
793 1790 929 1856 iniustus
943 1791 1072 1870 iustum,
1099 1792 1157 1858 deo
1181 1792 1253 1857 odi-

124 1894 198 1961 bilis
220 1893 467 1977 persequebatur
490 1912 562 1958 eum
585 1911 678 1976 quem
702 1891 856 1974 diligebat
879 1894 966 1960 deus.
1012 1913 1085 1958 oum
1106 1895 1184 1960 haec
1207 1895 1254 1961 ite

77 1998 199 2077 1⁶eint,
233 2018 271 2063 ne
294 1996 448 2080 glorieris,
485 1997 559 2078 qnia
588 1996 660 2078 post
681 1996 806 2062 tantum
828 1996 949 2062 lacinus
971 1997 1185 2081 perpetratum
1208 1997 1251 2062 sie
1299 2036 1303 2044 ·

124 2096 237 2167 ¹uiuene
258 2102 413 2166 hactenus
436 2100 473 2164 ut
487 2100 603 2164 uixerit
619 2098 714 2174 Sanl;
741 2100 798 2165 sed
822 2100 961 2179 aduerte,
985 2100 1163 2166 cuiusmodi
1178 2101 1251 2165 nin·

126 2204 214 2272 dicte
235 2204 424 2288 processerit
446 2204 531 2268 circa
554 2202 631 2268 Saul
653 2202 739 2285 qnod
760 2203 794 2268 et
808 2203 894 2268 circa
907 2204 940 2268 te
955 2203 1055 2287 pessit
1072 2203 1253 2286 procedere,

124 2308 187 2374 nisi
208 2308 334 2374 tibimet
356 2307 511 2373 consulas.
559 2306 587 2372 ei
610 2307 694 2372 enim
718 2307 804 2371 circa
826 2306 917 2372 illum
940 2307 985 2372 sic
1009 2306 1058 2372 est
1072 2306 1255 2390 indignatus

127 2412 282 2492 dominus,
316 2412 417 2495 primo
451 2430 506 2475 cur
534 2410 687 2493 praedam
716 2411 826 2476 contra
853 2410 1057 2475 interdictum
1087 2410 1254 2493 acceperit,

75 2541 112 2581 κο
127 2517 266 2582 secundo
296 2535 352 2581 cur
378 2515 446 2581 eine
474 2515 633 2580 hominem
655 2514 761 2580 Dauid
789 2514 886 2579 fuerit
907 2516 1102 2597 persecutns,
1138 2515 1254 2598 quanto

124 2620 229 2703 magio
252 2619 338 2683 circa
364 2618 397 2683 te
425 2617 650 2701 indignationis
682 2618 749 2683 eine
777 2617 934 2700 procedat
960 2618 1102 2683 uindicta
1125 2638 1254 2685 necesse

126 2723 186 2801 est,
220 2723 306 2787 circa
327 2722 371 2801 te,
400 2721 490 2786 enine
513 2721 593 2786 adeo
614 2721 755 2804 ingentia
783 2721 857 2787 sunt
879 2721 1012 2800 scelera,
1046 2721 1082 2786 ut
1105 2722 1202 2787 etiam
1223 2723 1256 2787 in

120 2827 288 2912 sacrilegii
309 2824 435 2891 uenires
456 2825 590 2889 reatum.

169 2931 228 2995 III.
254 2931 292 2998 Si
315 2929 407 3011 male,
441 2929 556 3012 inquis,
590 2930 731 3013 colescere,
760 2930 801 3015 εἰ,
831 2929 982 3013 quomodo
1012 2930 1090 2995 dicit
1112 2929 1255 3011 Lucifer,

76 3050 111 3095 ne
127 3054 224 3101 essem
246 3034 431 3112 baereticae,
460 3034 529 3097 iem
558 3032 638 3097 mibi
660 3032 839 3098 obstulisset
861 3032 938 3098 dece
959 3051 1098 3116 regnem.
1146 3034 1254 3116 accipe

128 3140 226 3205 etiam
249 3138 449 3205 Salomonem
477 3136 690 3219 supernirisee
719 3136 792 3218 post
817 3134 1030 3201 idololatriam
1053 3136 1255 3203 commissam

129 3244 163 3309 et
184 3243 368 3326 intellegere
393 3241 522 3324 dignare
544 3241 577 3305 te
601 3258 727 3323 quoqne
749 3240 848 3304 talem
872 3258 951 3318 esse,
981 3238 1084 3321 qnalie
1105 3239 1160 3303 ille
1181 3240 1255 3331 poet

123 3346 340 3413 idololatriam
373 3344 478 3411 inerit.
524 3350 554 3410 et
586 3344 756 3411 sesciano
788 3345 937 3411 dominas
966 3348 1062 3408 seton
1092 3342 1257 3409 Salomoni·

124 3453 219 3518 Acer
252 3452 442 3518 Idumaeam
475 3455 505 3516 et
526 3450 645 3516 Esrom
675 3448 782 3533 pilium
811 3445 961 3513 Aeacon
995 3447 1032 3511 ia
1063 3445 1256 3533 Remotbed,

80 3568 116 3611 ³⁰
131 3540 284 3639 Adroeos
305 3576 409 3639 recem
431 3554 520 3620 Sabo
541 3554 708 3620 dominnm
731 3552 808 3617 eins.
833 3554 863 3616 et
880 3551 1059 3635 congregati
1073 3554 1150 3616 sont
1163 3569 1259 3634 saper

129 3680 201 3726 eum
221 3660 299 3738 oiri,
329 3662 360 3725 et
379 3662 451 3724 erat
474 3659 626 3740 primes
655 3656 924 3740 congregationis,
957 3658 988 3719 et
1009 3654 1259 3738 praeoccuparat

232 3846 266 3901 ne
283 3846 323 3901 nr
339 3847 403 3917 neg.
423 3846 464 3911 11,
480 3846 518 3900 -14

181 4018 299 4072 dioneae
384 4017 518 4072 bethleem
604 4016 703 4087 andini]
720 4016 777 4071 nidi
795 4017 914 4084 Lucifer
932 4018 964 4071 in
982 4016 998 4071 l.
1018 4018 1039 4071 1
1048 4031 1104 4086 pro
1121 4032 1143 4070 e.
1162 4016 1254 4070 Alba·

127 4122 211 4177 mio
281 4121 298 4175 8
315 4120 469 4191 reprobetur
481 4151 517 4161 -
528 4120 677 4175 destinatur
693 4121 747 4188 Vo,·
764 4121 913 4175 moaci
983 4119 1014 4173 ll
1032 4090 1187 4188 perneqnedi

130 4207 163 4261 12
181 4208 380 4277 allegeratm.1
451 4206 484 4260 14
495 4205 633 4275 diligebat]
648 4222 707 4260 enm
716 4206 783 4260 odd.
797 4208 827 4275 V,
840 4222 929 4275 enac
999 4206 1032 4259 16
1043 4203 1189 4259 uindictnnr

128 4292 267 4362 elegisse
336 4293 369 4346 26
387 4298 414 4347 et
432 4291 465 4346 28
483 4292 636 4346 idolatriam
704 4290 738 4345 29
757 4290 883 4345 remahad
901 4296 968 4345 m.1
