3050 5000
304 381 371 447 282
792 377 945 431 Luciferi

305 566 426 632 etentes
448 567 508 631 sibi
529 567 773 631 contumeliosos
795 569 945 649 superbos
969 570 1088 631 necne?
1126 566 1194 631 sine
1219 564 1335 639 dubio,
1371 561 1437 643 quia

305 670 551 737 contumeliosos
572 671 723 752 superbos
743 670 817 735 illos
840 670 1025 735 existimarit
1051 668 1167 745 faisse,
1202 668 1265 731 tali
1295 666 1349 731 est
1371 682 1437 729 cm-

306 774 439 838 (lelitato
462 772 521 839 deo
545 772 667 837 dicatos
690 773 731 837 ad
752 774 888 837 mortem
909 790 1009 854 usque
1025 772 1220 853 persecatus.
1246 769 1356 833 restat
1371 786 1437 849 orgo

305 876 343 941 nt
363 876 475 940 uideas
497 894 578 957 quae
602 875 704 941 adhuc
728 894 822 957 super
843 876 899 939 illa
916 894 1009 957 quem
1026 874 1091 937 iam
1107 872 1291 956 cognobisti
1308 870 1437 953 gesserit

304 978 496 1053 Antiochum
521 979 553 1041 ot
575 978 602 1042 si
623 978 695 1042 illos
716 980 804 1042 recte
826 978 944 1059 poteris
964 977 1068 1041 dicere
1084 976 1239 1059 superbos
1255 974 1362 1039 fnisse
1377 973 1462 1036 Ans

305 1081 411 1145 tiocho
434 1080 686 1157 contumeliosos,
709 1079 827 1162 potoris
843 1080 876 1143 61
890 1098 955 1145 nos.
985 1080 1071 1145 haoc'
1080 1079 1197 1143 etenim
1219 1097 1281 1143 nos
1306 1076 1436 1159 patimur

306 1184 380 1248 ate
403 1202 484 1265 quae
507 1182 581 1248 sunt
602 1184 635 1247 61
656 1183 704 1247 illi
732 1185 874 1266 perpessi
898 1186 936 1249 ab
960 1183 1129 1259 Antiocho;
1164 1184 1210 1247 sic
1243 1201 1305 1247 nos
1338 1199 1436 1245 samus

305 1286 538 1369 proclamantes
552 1306 608 1369 pro
622 1287 696 1365 1116,
712 1306 769 1369 pro
784 1287 947 1370 religione,
964 1289 1047 1353 sicut
1060 1287 1187 1353 morunt
1202 1284 1436 1368 proclamantes

306 1390 340 1452 et
360 1389 425 1463 illi;
455 1390 499 1454 sic
522 1409 579 1455 nos
602 1390 661 1454 deo
684 1390 846 1469 Abrahae,
882 1390 1070 1467 daciscae,
1101 1388 1160 1454 166
1189 1387 1292 1453 Iacob
1326 1386 1435 1449 semine

305 1492 500 1574 profitemur,
524 1493 681 1573 quomodo
704 1495 737 1557 et
756 1494 805 1557 illi
828 1494 900 1559 sunt
922 1493 1067 1558 confessi.
1092 1492 1190 1576 misit,
1214 1490 1329 1571 inquit
1344 1489 1458 1569 scrip-o

305 1596 394 1673 bna,
426 1614 483 1659 666
504 1615 609 1660 senem
630 1595 855 1661 Atheniensem
876 1599 932 1679 qui
952 1595 1139 1678 conpelleret
1160 1594 1327 1677 Iudaeos,
1359 1596 1395 1655 ut
1413 1612 1436 1654 se

306 1697 522 1777 transferrent
551 1718 572 1760 a
588 1699 712 1778 patriis
733 1703 763 1763 61
785 1698 836 1763 161
858 1698 984 1781 apibus,
1015 1719 1055 1763 ne
1076 1702 1253 1777 uterentur,
1285 1695 1435 1760 66616661-

305 1819 388 1864 6666
400 1800 497 1863 611666
511 1801 593 1883 quod
607 1802 645 1865 in
659 1801 887 1884 Hierosolymis
902 1807 971 1867 erat
985 1802 1136 1883 templium
1159 1804 1188 1863 61
1211 1800 1434 1881 oopnominore

304 1898 399 1965 Iouis
423 1899 564 1983 Olympii
593 1902 871 1986 6111666661616,
897 1908 995 1983 prout
1017 1904 1188 1985 66661661
1211 1901 1324 1967 locum
1348 1900 1434 1965 inba-

307 2001 569 2081 bitabant‚10uis
591 2004 772 2085 hospitalis.
790 2006 934 2087 pessino
956 2010 1062 2071 antem
1085 2010 1114 2070 61
1134 2006 1307 2070 uniuersis
1331 2004 1458 2086 prouisa

307 2106 469 2171 malornm
499 2112 570 2172 erat
602 2108 722 2173 6611116.
768 2128 847 2171 nam
879 2108 957 2189 qnia
991 2108 1141 2189 templum
1175 2107 1434 2172 comisationibus

304 2212 450 2293 pontiam
477 2215 549 2275 erat
573 2211 723 2292 plenem,
757 2212 984 2277 scortantibus*
998 2232 1070 2277 curn
1097 2210 1324 2309 meretricibus
1355 2214 1385 2274 et
1406 2211 1432 2273 16

305 2315 428 2378 sanctis
450 2316 538 2379 166116
558 2314 747 2379 mulieribus
768 2334 800 2379 se
822 2315 1101 2399 adprmriantibus,
1123 2316 1262 2395 insuper
1279 2314 1373 2377 intro
1391 2314 1434 2375 in-

178 2408 180 2412 ’
306 2416 441 2498 ferentes
468 2438 507 2481 ea
533 2438 614 2500 puae
640 2438 708 2483 non
735 2419 914 2501 oportebat,·
948 2420 1051 2485 altare
1079 2420 1177 2483 etiam
1206 2418 1350 2500 penum
1378 2420 1435 2481 erni

305 2521 445 2585 inlicitis
461 2542 542 2602 qnae
563 2522 681 2604 leprbm
697 2522 957 2603 prohibebantur.
980 2541 1076 2604 neque
1091 2527 1197 2588 661666
1212 2522 1358 2586 sabbata
1372 2543 1457 2604 ape-a

305 2623 427 2686 bantur
447 2643 545 2704 neque
566 2626 633 2690 dies
655 2626 807 2690 solemnes
822 2627 961 2708 patricii
982 2625 1249 2700 custodiebantur,
1289 2625 1324 2688 et
1346 2623 1433 2687 inira:

306 2722 505 2789 ducebantur
526 2730 632 2791 autem
654 2747 773 2792 amara
794 2729 976 2793 necessitate
999 2749 1059 2809 per
1087 2727 1233 2810 sinpulos
1255 2745 1387 2792 menoses
1407 2728 1434 2789 16

306 2825 394 2890 diem
415 2828 498 2910 repis
518 2829 653 2908 6616116,
676 2832 838 2896 miseratio
860 2836 946 2913 erat‚·
967 2836 997 2896 et
1018 2853 1088 2898 cnm
1109 2852 1203 2896 sacra
1225 2831 1345 2896 In'beri
1368 2831 1434 2896 celc-

307 2928 490 3011 166666166,
512 2932 700 3014 copebantur
719 2935 804 3008 enim
819 2934 950 3000 bedenas
965 2935 1110 3000 16166166
1125 2936 1241 3001 Libero
1257 2936 1433 3000 circumire.

306 3031 467 3097 16666166
488 3039 594 3098 antem
617 3036 756 3100 6611116
771 3038 943 3118 proximas
960 3037 1156 3104 Graecorum
1178 3039 1344 3117 sinodales,
1368 3057 1456 3119 sup-s

305 3137 486 3218 perentibus
506 3136 699 3203 Ptolomaeis
725 3140 760 3204 id
789 3139 893 3220 ipsum
915 3141 1097 3234 institutum
1119 3141 1278 3206 aduersus
1302 3141 1433 3204 Iudaeos

308 3259 402 3321 apere
422 3244 453 3302 et
472 3242 631 3318 misereri,
665 3261 716 3306 666
737 3261 812 3306 uero
834 3243 891 3324 pai
912 3243 1020 3308 nolint
1048 3245 1187 3308 transire
1215 3243 1261 3308 61
1284 3244 1433 3308 instituto

311 3341 507 3407 Grammion
533 3344 717 3426 interficere.
756 3345 891 3410 6166611
918 3365 989 3429 erpo
1009 3346 1118 3411 uidere
1139 3347 1320 3413 miseriam.
1359 3347 1432 3410 1666

308 3445 396 3508 enim
416 3444 563 3512 mulieres
584 3445 708 3511 1616166
729 3451 805 3512 nont
827 3451 920 3512 notos
941 3468 1014 3514 suos
1028 3449 1273 3533 circumcidisse,
1299 3468 1431 3531 quaram

309 3547 453 3627 infantes
467 3549 510 3613 ad
525 3550 621 3614 ubera
643 3551 880 3632 suspenderunt
901 3557 939 3628 61,
963 3573 1034 3617 curn
1050 3551 1178 3634 publice
1194 3572 1256 3632 per
1271 3553 1454 3616 6161161666

305 3649 384 3714 illas
406 3651 701 3735 circumduxissent,
719 3675 781 3735 per
802 3674 930 3719 murum
951 3655 1028 3720 illas
1037 3656 1352 3737 praecipitauerunt.
1375 3653 1428 3717 olii

410 3802 442 3856 1o
460 3803 486 3856 n
501 3779 587 3860 nass.
607 3807 631 3868 6,
652 3808 718 3859 1-6
788 3805 822 3858 ee
840 3807 876 3860 ss.
894 3809 919 3872 6,
938 3809 1021 3861 r-11

359 3942 477 4016 lnegne
553 3943 571 3994 4
590 3946 675 4041 quem]
695 3959 761 4012 quse
779 3944 846 4010 fort.
924 3945 940 3998 6
958 3945 1014 4014 nos]
1033 3944 1084 3998 tibi
1102 3945 1168 3999 add.
1191 3946 1364 4002 Gallandius

308 4046 406 4099 etenim
424 4049 484 4100 616
553 4047 685 4100 96111666
755 4049 789 4101 14
807 4049 904 4118 olympi
973 4047 1130 4101 66161616
1147 4051 1261 4118 Paeoniis
1278 4052 1364 4105 LXX

305 4131 338 4183 21
356 4131 436 4199 patrii
454 4133 520 4198 fort.
595 4132 780 4188 remiseritis
799 4135 863 4204 erut]
884 4133 918 4186 61
935 4134 1136 4188 uiscerationem
1154 4136 1225 4188 coni.
1244 4137 1379 4190 Latinius
1396 4149 1424 4187 66

304 4234 345 4287 pr.
416 4217 450 4268 24
468 4217 547 4286 enim]
567 4217 669 4284 eisort.
737 4218 834 4272 hedera
903 4217 1086 4304 26ptolcmeis
1155 4219 1188 4272 27
1207 4221 1280 4288 ageri
1298 4225 1363 4274 ml

212 4350 215 4356 .
306 4302 341 4354 30
358 4301 462 4370 publice
