3050 5000
465 370 506 423 De
526 371 618 422 sancto
636 368 785 422 Athanasio
803 368 872 421 liber
888 369 908 422 Ι.
1213 368 1255 433 95

120 558 235 622 Achab
259 559 350 621 tuum
377 556 605 639 coapostatam,
634 558 667 620 et
696 556 838 620 inuenies
865 558 899 621 te
929 575 998 622 esse
1020 558 1114 624 hodie
1136 558 1256 623 Achab.

120 662 220 740 uicit,
244 661 347 743 inquit
363 659 485 736 Helias,
507 660 665 736 dominas,
688 661 742 723 cci
763 659 883 723 adside
905 664 980 724 eote
995 667 1203 744 conspectam,
1226 664 1256 726 si

121 766 187 827 erit
209 767 308 828 oanis
331 765 402 828 istis
423 783 478 827 ros
499 768 528 826 et
538 764 670 844 plania,
693 765 760 826 nisi
774 783 832 842 pec
846 765 978 827 uerbum
994 767 1059 828 oris
1074 768 1144 829 mei.
1171 766 1256 848 quod

122 868 235 949 utiquc
258 885 331 930 cum
345 867 511 948 impletum
526 864 648 941 finisset,
673 865 827 930 debuerat
841 885 953 931 uecors
969 885 1158 949 cognoscere
1181 887 1255 933 uere

90 969 221 1034 sdeum
244 970 346 1033 solum
367 969 529 1051 potentem
556 968 660 1033 totum
686 987 747 1032 non
777 968 874 1032 luisse
903 969 964 1034 nisi
992 970 1083 1035 illum
1111 973 1162 1036 cui
1191 991 1255 1036 ser-

121 1074 208 1137 uirot
228 1073 350 1138 Helias.
375 1071 451 1154 quid
475 1072 542 1154 agit
565 1072 697 1135 Achab?
720 1071 810 1136 uidet
830 1090 885 1154 per
900 1073 1069 1138 biennium
1085 1077 1116 1138 ot
1132 1093 1169 1139 eo
1186 1095 1255 1140 am-

122 1176 208 1258 phus
230 1195 291 1240 non
315 1195 385 1240 osso
407 1175 560 1257 planiam,
594 1177 626 1239 et
647 1175 749 1258 magis
781 1177 830 1240 est
857 1176 951 1241 idohs
974 1180 1124 1256 seruiens,
1154 1181 1256 1261 magis

124 1280 175 1343 cst
197 1280 327 1361 cupiens
349 1278 527 1343 interficere
549 1278 685 1343 Heliam.
732 1278 823 1342 audit
846 1279 897 1343 dei
918 1281 1071 1363 propheta
1086 1300 1139 1346 ore
1155 1283 1255 1347 sacri-

122 1382 189 1464 legi
212 1383 337 1446 Achab:
360 1384 390 1446 si
412 1387 448 1445 la
469 1401 502 1446 ec
521 1384 599 1463 ipse,
623 1384 679 1462 qui
702 1384 819 1446 enectis
841 1383 972 1446 Israel?
995 1385 1040 1448 sic
1065 1385 1097 1449 et
1118 1386 1153 1448 tu
1177 1386 1256 1450 dicis

76 1502 109 1540 10
125 1485 299 1549 Athanasio
328 1485 382 1548 nol
404 1484 504 1562 nobis,
528 1486 613 1567 quod
636 1485 720 1548 onim
742 1503 800 1549 nos
823 1504 931 1550 sumus
946 1487 1107 1552 uertentes
1131 1489 1181 1552 dei
1196 1507 1256 1570 po-

124 1587 244 1670 pulum,
270 1607 342 1652 oum
365 1588 400 1651 tu
416 1588 460 1651 sis
476 1587 517 1651 ad
531 1590 622 1652 tuam
639 1588 873 1669 suscipiendam
889 1590 1045 1653 haeresim
1062 1590 1256 1656 Chustiancs

126 1709 314 1755 conuocans.
362 1691 419 1755 sed
443 1690 535 1754 audis
559 1709 578 1754 a
598 1691 688 1755 nobis
717 1709 799 1773 quac
823 1691 924 1755 audiit
946 1692 1055 1758 Achab
1077 1693 1132 1758 illo
1154 1695 1256 1759 cultor

124 1793 326 1860 idololahias
351 1796 390 1859 ab
410 1795 506 1859 Helia
520 1795 674 1877 glorioso:
697 1817 765 1859 non
787 1815 846 1860 cos
867 1798 1037 1861 scutimus
1052 1799 1103 1862 dei
1118 1801 1255 1878 domam,

124 1899 179 1961 sed
201 1901 316 1963 ecerlis
338 1905 373 1963 tc
395 1905 423 1962 et
445 1899 557 1962 domes
574 1901 683 1980 puteis
704 1901 763 1963 tui.
789 1901 844 1964 aut
865 1900 996 1982 negabis
1018 1901 1096 1966 nihil
1110 1902 1142 1966 te
1166 1903 1256 1985 cogi-

78 2014 110 2053 15
124 2000 204 2077 tare,
228 2001 289 2065 nisi
311 2002 347 2064 ut
370 2021 478 2066 omnes
501 2021 557 2066 nos
580 2004 781 2084 coapostatas
806 2003 924 2074 efficias
946 2004 1039 2068 tuos?

168 2103 272 2168 XVII.
296 2103 361 2169 Sed
382 2105 420 2169 ut
434 2124 600 2187 coeperam
625 2106 663 2169 de
678 2106 792 2171 Heliae
816 2106 849 2171 et
862 2107 973 2172 Achab
990 2107 1095 2172 dicem
1115 2109 1255 2176 actibus:
1343 2093 1348 2103 ’

127 2210 157 2270 et
177 2207 261 2271 dicii
283 2207 416 2272 Helius:
438 2228 491 2291 epo
514 2229 581 2272 non
600 2213 691 2273 uerte
714 2209 832 2284 Israel,
856 2210 911 2274 sed
925 2211 1040 2274 enectis
1055 2215 1090 2275 tu
1104 2217 1134 2275 et
1147 2213 1257 2277 domem

118 2311 231 2391 petris
252 2311 310 2385 tui,
333 2312 411 2375 dum
425 2313 608 2393 relinquitis
630 2331 686 2375 uos
700 2312 866 2376 decliuem
883 2313 975 2376 deam
990 2319 1133 2378 nostrum
1155 2320 1183 2378 ei
1200 2317 1241 2379 ii'

120 2419 195 2493 post
217 2413 320 2478 Bccl.
359 2419 389 2478 et
418 2433 506 2479 nune
527 2415 615 2478 mitte
642 2418 673 2478 et
693 2433 848 2499 conprepo
870 2415 914 2478 cd
935 2435 984 2479 mc
1005 2437 1127 2482 manem
1149 2418 1256 2484 Israel

79 2548 110 2587 ao
126 2519 163 2581 ia
191 2523 325 2582 meatem
354 2518 495 2583 Carmeli
523 2522 553 2582 et
574 2518 748 2600 prophetas
776 2520 975 2601 confusionis
1008 2522 1256 2606 quadriapeutos

128 2621 365 2703 quinquaqinta
394 2627 423 2685 ct
446 2621 621 2703 propbetas
650 2622 794 2685 dacorum
827 2622 1093 2706 quadringentos,
1123 2626 1256 2690 monedu-

129 2728 236 2788 ccntes
257 2730 286 2788 et
308 2724 444 2789 bibentes
466 2726 504 2787 in
526 2744 636 2789 measa
658 2725 795 2791 Iezabel.
839 2731 868 2790 et
895 2727 985 2790 misit
1004 2748 1060 2791 rece
1082 2728 1193 2793 Aebub
1215 2730 1258 2794 ad

127 2846 250 2890 manem
264 2827 373 2892 Israel
396 2833 425 2893 et
444 2827 567 2910 collegit
589 2848 696 2893 omncs
712 2828 887 2911 prophetes
901 2830 938 2893 in
954 2834 1090 2894 montem
1107 2830 1256 2897 Carmeli.

128 2934 158 2994 et
180 2932 309 2994 occessit
331 2931 447 2996 Helius
468 2931 512 2994 cd
533 2950 640 2995 omnes
661 2937 691 2996 et
705 2932 790 2996 dicit
804 2933 865 2997 eis:
887 2950 1044 3013 usquequo
1059 2953 1116 2998 uos
1131 2935 1256 2999 claudi-

81 3034 210 3101 ascetis
232 3053 327 3099 sensa
347 3036 479 3098 cedro?
521 3036 552 3098 ci
573 3040 620 3099 est
640 3037 790 3100 domiuus
811 3036 897 3115 deus,
917 3038 959 3100 ite
975 3041 1049 3116 post
1070 3038 1185 3118 ipsum.
1226 3039 1255 3101 si

128 3138 237 3198 actem
258 3136 350 3200 Bccl
372 3140 427 3218 est,
451 3137 492 3199 ite
509 3141 586 3218 post
607 3136 711 3202 iilum.
735 3142 765 3201 et
787 3158 853 3201 noc
875 3139 1037 3217 respoudit
1051 3138 1104 3203 illi
1116 3142 1256 3221 populns

127 3239 266 3303 uectum.
289 3243 320 3301 et
333 3239 417 3302 dicit
431 3238 545 3303 Helias
560 3240 604 3303 cd
612 3240 770 3321 populum
786 3240 910 3305 diceus:
933 3260 986 3323 epo
1001 3243 1155 3321 coperani
1170 3242 1256 3306 solas

122 3340 354 3421 prophetarum
375 3342 498 3406 domini
519 3362 615 3419 ames,
638 3348 668 3406 et
683 3340 860 3423 prophetoe
881 3340 978 3407 buius
995 3344 1087 3408 Bucl
1102 3346 1257 3425 quadon-

127 3444 215 3525 penti
236 3444 474 3527 qninquaginta
495 3445 564 3508 ciri
591 3444 813 3525 epropbecoe
842 3443 984 3509 lucorum
1013 3446 1258 3530 quadrinpecti;

83 3574 115 3615 ao
129 3547 242 3610 deme
263 3566 336 3629 erpo
359 3547 447 3611 uobis
468 3548 531 3611 duo
552 3547 652 3627 donec,
681 3551 709 3611 et
731 3547 855 3631 elipcut
875 3548 937 3612 cibi
958 3547 1010 3612 illi
1032 3570 1133 3613 anum
1157 3555 1185 3614 et
1207 3550 1258 3615 de·

128 3649 307 3726 moueat,
330 3654 359 3713 ct
380 3651 542 3730 inponant
564 3671 635 3715 eum
657 3670 752 3731 saper
774 3651 899 3735 lipsium
921 3656 950 3715 et
971 3654 1078 3734 ignem
1098 3674 1165 3717 noc
1186 3654 1257 3717 sub·

232 3903 479 3973 2111Reg17,1
551 3907 621 3960 ein.
641 3907 682 3970 18,
702 3908 734 3961 17
807 3909 1075 3975 17ib.18‚18-46

183 4128 325 4181 Auaccors
415 4147 539 4183 uerumo
630 4132 748 4201 dachap
767 4138 835 4187 m.1
931 4134 964 4187 12
981 4134 1064 4202 acaph
1152 4133 1185 4186 13
1202 4133 1257 4187 ido-

130 4216 225 4269 latriae
330 4216 361 4268 15
380 4219 567 4285 quoapostatas
590 4223 658 4271 nal
763 4218 796 4272 18
819 4220 955 4274 itesuo.1
1061 4220 1093 4272 19
1111 4219 1192 4273 bahal

131 4301 164 4353 22
183 4300 291 4353 zezabel
359 4302 393 4356 28
410 4318 477 4357 unus
496 4305 638 4371 expunxit
655 4305 793 4359 Latinius
