3050 5000
295 367 339 433 90
790 367 941 421 Luciferi

337 554 442 618 XIHI.
461 553 545 634 Quid
569 553 658 630 dicis,
675 553 865 636 aequissime
881 558 958 620 rex?
974 554 1002 618 si
1016 554 1064 618 illi
1085 553 1170 636 regis
1186 554 1276 636 pueri
1295 553 1444 620 noluisse

294 656 471 721 referuntur
479 656 626 720 oboedire
637 657 769 738 imperio
780 658 875 740 regis,
883 658 910 722 si
922 657 969 722 illi
982 657 1209 739 contempsisse
1216 656 1445 720 monstrantur

294 760 464 841 praecepta
480 759 566 834 Saul,
583 779 621 824 ue
644 761 756 824 contra
771 759 822 824 dei
836 759 988 826 iecissent
1009 759 1168 836 mandata,
1193 779 1251 825 nos
1268 760 1444 842 episcopos

294 863 400 927 iuerat
422 863 550 945 dignum
567 863 684 928 domiui
699 863 861 928 calcantes
883 864 1054 945 praecepta
1074 863 1193 945 inplere
1208 864 1265 926 tua
1283 861 1444 944 sacrilegi

294 965 494 1030 homicidae?
515 965 635 1029 idcirco
652 983 727 1047 ergo
741 984 798 1031 nos
815 965 955 1048 dignaris
970 967 1126 1048 persequi,
1144 966 1296 1048 quianon
1315 964 1443 1030 domini
1466 981 1475 1018 ⁵

293 1069 453 1134 mandatis
466 1069 523 1132 tua
546 1070 781 1150 anteponamus.
819 1071 898 1134 haec
921 1069 998 1135 fecit
1021 1070 1053 1134 et
1075 1069 1161 1135 Saul
1185 1087 1266 1152 quae
1289 1069 1340 1132 ita
1368 1086 1443 1131 esse

294 1173 407 1253 probat
428 1191 521 1237 sacra
535 1173 691 1254 scriptura
707 1172 832 1238 meone:
855 1181 882 1237 el
898 1174 981 1238 dicit
997 1174 1080 1239 Saul
1096 1175 1138 1238 ad
1154 1173 1259 1256 Docp:
1281 1178 1443 1238 conuerte

294 1281 325 1340 tc
337 1278 374 1339 a'a
395 1276 522 1340 ohaam
537 1277 748 1341 sacerdathas
761 1277 895 1342 domiai.
924 1282 952 1340 et
968 1295 1137 1342 conuersas
1151 1281 1196 1340 est
1210 1275 1301 1358 Doep
1318 1275 1440 1358 Syros,

294 1384 323 1442 ct
344 1380 553 1461 mortificaait
573 1380 641 1460 ipse
661 1379 836 1444 sacerdotes
857 1379 993 1460 domiai,
1017 1385 1046 1444 ct
1068 1380 1181 1444 oceidit
1202 1379 1266 1444 illa
1287 1379 1345 1444 die
1372 1383 1439 1442 tre·

293 1487 396 1546 cecla
418 1487 560 1565 quiaque
581 1483 671 1546 ciros
691 1487 720 1545 et
748 1501 855 1548 maaca
877 1487 1045 1564 portantes
1071 1483 1195 1564 Ephcd
1223 1484 1260 1547 ia
1283 1481 1470 1550 Ncnhaao

293 1586 460 1650 metuam
486 1586 686 1650 sacerdotum
713 1587 827 1652 occidit
856 1589 894 1651 c'a
921 1607 972 1652 ore
992 1586 1096 1670 pladil
1124 1608 1145 1650 a
1167 1587 1239 1652 atro
1262 1604 1369 1666 usqae
1395 1585 1439 1650 ad

294 1689 495 1753 accedentes.
519 1688 615 1752 simili
636 1707 718 1754 nunc
741 1689 837 1754 modo
861 1689 993 1754 conatus
1010 1708 1043 1754 es
1060 1690 1154 1771 atque
1177 1688 1302 1754 conaris
1321 1706 1436 1752 eorum

294 1792 414 1857 laniare
444 1810 584 1874 corpora,
614 1810 694 1874 quos
721 1793 834 1858 uideas
856 1795 1095 1875 praeceptorum
1119 1792 1169 1856 dei
1192 1809 1353 1856 memores
1378 1793 1434 1854 tuo

293 1896 389 1959 reniti
411 1896 590 1978 praecepto.
614 1915 674 1962 nou
696 1897 805 1979 itaque
827 1897 935 1962 mirari
957 1897 1140 1980 poterimus,
1164 1897 1190 1961 si
1212 1898 1248 1960 tu
1271 1914 1332 1960 uos
1355 1914 1433 1978 per-

294 2000 455 2081 sequaris,
490 1999 617 2082 quando
650 2001 818 2066 uideamus
848 2001 940 2077 Saul,
975 2019 1032 2066 cur
1060 2019 1120 2067 nou
1150 2017 1275 2065 seruum
1309 1998 1464 2064 dominic

293 2103 398 2167 Dauid
419 2103 451 2167 iu
473 2121 586 2169 manus
608 2104 799 2169 tradiderint
815 2104 894 2180 eius,
917 2104 1096 2170 nouaclum
1111 2103 1270 2168 trecentos
1287 2103 1431 2184 quinque

293 2207 486 2284 sacerdotes,
511 2206 568 2270 sed
592 2207 624 2270 at
644 2207 746 2272 totam
769 2207 945 2289 perdidisse
968 2209 1141 2272 ciuitatem.
1175 2207 1430 2288 persequebatur

294 2307 371 2372 Saul
398 2309 504 2374 Dauid
534 2329 616 2384 cum,
646 2311 677 2375 in
706 2312 797 2376 cuius
820 2311 937 2376 ditione
967 2331 1039 2376 cum
1067 2311 1171 2387 suerit,
1200 2329 1294 2392 saepe
1319 2310 1429 2372 tamen

294 2411 323 2475 ei
344 2411 510 2494 ignouerit.
556 2422 583 2477 ct
605 2416 736 2499 jactam,
772 2415 850 2479 dicit
878 2415 1042 2498 scriptura,
1077 2436 1148 2480 cam
1177 2433 1323 2480 reuersas
1353 2419 1430 2476 essct

293 2515 377 2580 Saul
398 2523 471 2593 post
498 2518 715 2600 alcamenes,
748 2525 778 2583 et
810 2522 1081 2585 reaaattaaeraat
1114 2520 1143 2583 ei
1170 2518 1329 2583 dioecetes:
1364 2536 1460 2581 cccco

292 2616 408 2683 Dauid
430 2620 468 2683 ia
489 2621 610 2686 deseca
639 2620 749 2687 socae
777 2626 831 2687 est.
877 2627 907 2687 el
927 2623 1063 2703 sumpsit
1090 2642 1193 2687 scema
1222 2622 1288 2685 aaa
1317 2620 1428 2686 millia

294 2721 441 2785 atrorum
463 2722 629 2788 electorem
656 2746 694 2789 ea
721 2727 810 2791 omac'
831 2726 947 2805 Israel,
979 2731 1008 2791 et
1034 2726 1115 2791 abiit
1137 2746 1285 2808 quaerere
1306 2723 1428 2789 Dauid

293 2828 324 2888 et
343 2825 433 2889 airas
460 2827 529 2891 eleas
551 2832 625 2892 ante
646 2828 762 2909 faciem
787 2831 971 2895 amotionis
999 2849 1174 2895 ceruorum.
1218 2834 1248 2893 ec
1269 2832 1362 2895 uenit
1384 2830 1428 2895 ad

291 2946 398 3010 propes
424 2929 534 2993 caiam
567 2952 648 3011 quac
675 2936 771 2997 erasa
792 2933 836 2997 od
856 2935 957 3015 alam,
992 2939 1020 2997 et
1047 2939 1116 2999 erat
1146 2933 1190 2997 ihi
1211 2934 1428 3015 speluncael

292 3032 441 3096 latrodac‘t
468 3032 552 3098 Saul
582 3035 625 3100 ad
652 3035 777 3112 sellam,
812 3040 843 3100 et
869 3035 985 3103 Dauid
1012 3042 1041 3103 ct
1064 3038 1162 3118 paeri
1191 3038 1260 3101 cias
1287 3037 1459 3101 taleriasa

291 3135 460 3216 speluncae
481 3138 638 3203 sedebant.
660 3143 691 3203 ct
711 3140 864 3203 dicerunt
885 3140 955 3204 atri
967 3139 1083 3205 Dauid
1100 3140 1144 3204 ud
1165 3160 1253 3205 cam:
1276 3159 1344 3205 ecce
1360 3140 1427 3204 dics

291 3238 342 3302 hic
363 3258 455 3320 quem
475 3241 561 3305 dicit
574 3241 742 3306 dominas.-
765 3240 823 3307 clai
838 3242 917 3307 daho
931 3242 1101 3307 inimicam
1115 3248 1206 3309 taam
1220 3244 1259 3307 da
1272 3242 1426 3307 manchus
1502 3298 1503 3301 ,

292 3341 366 3417 tais,
390 3346 419 3405 et
440 3342 541 3423 facies
563 3346 593 3408 ei
614 3365 695 3425 qaae
712 3343 839 3425 placila
860 3350 935 3410 seat
956 3350 1030 3409 ante
1051 3345 1155 3411 oeulos
1169 3352 1247 3411 taos.
1270 3351 1302 3409 et
1314 3365 1423 3411 casar-

291 3445 375 3507 read
397 3443 520 3523 Dauid,
551 3451 581 3509 et
601 3447 735 3528 dempsit
750 3449 896 3529 placeam
923 3446 1092 3513 chlamidis
1114 3448 1196 3515 Saul
1224 3448 1352 3513 occulte
1396 3454 1425 3513 et

291 3545 413 3627 sactae
435 3552 479 3611 cst
495 3554 571 3629 post
591 3550 676 3634 hacc,
703 3555 733 3614 el
756 3552 915 3632 percussit
943 3571 995 3617 cor
1016 3550 1132 3617 Deoia
1160 3572 1194 3617 co
1221 3554 1306 3634 qaod
1335 3553 1455 3619 dem-³⁰

288 3649 407 3730 psissct
422 3650 566 3732 planam
593 3652 773 3719 chlamidis.
818 3659 847 3717 et
875 3655 959 3719 dicit
980 3653 1097 3720 Dauid
1125 3656 1169 3719 ad
1196 3676 1311 3737 pucros
1331 3676 1422 3721 suos:

392 3800 520 3872 rraeg.
539 3802 582 3871 22,
601 3804 642 3861 1s.
661 3805 694 3859 1o
764 3806 797 3859 19
815 3806 851 3859 ru.
870 3806 912 3869 er,
932 3806 1017 3860 2-16

340 3941 526 4044 2contem⁸pho
601 3976 669 4029 Sne
687 3993 709 4033 s.
729 3977 746 4030 l.
763 3982 831 4031 m.1
909 3977 968 4031 let
986 3977 1003 4031 8
1022 3978 1120 4033 dohaec
1198 3981 1229 4034 lo
1247 3981 1328 4051 ephot
1347 3987 1371 4051 (c
1388 3999 1419 4035 ee
1499 3972 1500 3977 ἵ

290 4061 407 4127 ocorr.)
484 4060 513 4112 in
530 4060 620 4114 nonba
638 4066 662 4128 (o
681 4079 715 4115 ea
732 4078 750 4115 u
769 4066 848 4131 m.1)
868 4063 1004 4117 ciuitatem
1028 4066 1240 4123 Vsedca.rec.
1259 4084 1417 4137 suprascr.

290 4195 318 4248 at
335 4193 413 4261 oben,
431 4197 460 4249 in
476 4196 574 4251 Nonba
591 4198 702 4253 ciuitate
718 4200 796 4267 fort,
821 4202 848 4253 et
865 4198 950 4263 Ober,
974 4200 1143 4257 ciuitatemo
1214 4204 1246 4257 15
1271 4152 1317 4259 offe
1340 4188 1371 4275 (ἶι
1385 4224 1416 4259 a.
1498 4230 1499 4257 o

287 4290 353 4356 rec.)
422 4264 866 4349 21'ariemi11iouiromm3ecum
884 4294 973 4363 cipalis
992 4300 1101 4363 traasp.
1121 4298 1232 4352 additis
1313 4298 1348 4353 29
1367 4300 1414 4353 cla·

287 4373 366 4428 midis
384 4389 410 4429 ec
427 4377 468 4430 sic
485 4377 567 4442 dafua

1491 4706 1497 4952 l
