3050 5000
342 365 382 417 De
401 381 452 417 non
471 364 602 433 parcendo
620 366 649 420 in
666 365 744 419 deum
763 366 986 437 delinquentibus.
1166 367 1231 453 233

95 556 228 620 stores?
263 553 341 619 dicit
370 552 514 619 dominus
541 555 574 619 in
595 554 788 637 Euangelio:
815 558 933 637 pastor
959 555 1057 621 bocas
1085 556 1229 623 cainum

91 680 194 728 suam
221 659 320 741 percit
344 679 408 740 pro
442 658 571 739 caibos;
603 659 660 740 qui
691 658 931 724 mercennarius
959 662 1004 723 est
1033 664 1062 725 ct
1090 679 1155 727 eoa
1186 665 1231 735 cst

86 769 221 847 postor,
245 765 337 829 caius
358 783 425 827 acc
446 767 523 827 scat
544 781 616 827 oues
632 763 797 845 propriae,
819 762 905 829 uidet
928 763 1040 845 lupum
1054 764 1229 831 cecitatem

93 872 130 932 ct
150 868 304 949 relinquit
326 886 398 931 eccs
419 870 450 931 ct
470 867 574 949 sapim
606 870 635 930 ct
662 865 758 948 lupus
786 867 876 948 rapit
904 866 981 933 iilos
1007 872 1037 931 et
1060 868 1228 951 dispargit,

57 986 77 1025 ⁵
93 972 251 1054 quoniam
273 970 512 1035 mercennarios
534 972 580 1033 esi
601 972 630 1031 et
651 988 717 1033 aea
733 970 875 1050 pertinet
895 971 939 1035 ari
962 991 1033 1039 com
1054 970 1093 1035 dc
1107 972 1226 1039 ocem.

94 1075 179 1159 quid
199 1074 307 1157 itaque
330 1072 419 1138 nohis
443 1073 511 1136 erat
532 1071 724 1155 gerendum,
754 1092 794 1137 ne
816 1073 875 1139 tihi
898 1074 1118 1140 contumeliosi
1147 1076 1228 1141 exti-

92 1180 178 1245 tisse
199 1179 401 1243 uideremus?
432 1175 637 1258 cognocimus
659 1174 692 1239 te
719 1175 844 1257 lupum,
874 1177 1012 1243 uidimus
1036 1178 1077 1243 ad
1099 1196 1175 1245 oues
1196 1179 1228 1244 te

93 1282 274 1347 tetendisse
298 1279 415 1345 domini
437 1298 559 1356 manus,
584 1279 805 1361 conspeximus
827 1280 859 1345 te
882 1299 943 1345 uno
966 1282 1108 1363 tempore
1131 1301 1228 1347 cona-

93 1387 169 1450 tum
195 1384 315 1449 laniare
344 1383 474 1447 cunctos
498 1381 615 1447 domini
637 1382 822 1448 inuocantes
846 1402 968 1451 nomen.
1004 1385 1228 1467 numquidnam

38 1502 77 1541 10
94 1488 205 1555 iuerat
227 1488 356 1571 dignum
378 1504 439 1551 non
462 1486 622 1568 pastores,
645 1484 704 1551 sed
726 1488 959 1553 mercennarios
983 1489 1127 1554 exhihere
1150 1492 1228 1553 nos?
1295 1548 1299 1554 .

94 1592 194 1657 Petro
219 1591 296 1656 dicit
318 1590 428 1655 heato:
456 1584 793 1672 praecepissemus,
824 1590 1010 1657 etiterum:
1040 1612 1136 1673 pasce
1159 1592 1228 1657 coi-

93 1696 189 1760 caios
212 1714 317 1773 mccs‚·
339 1694 372 1757 et
394 1692 429 1755 ut
450 1692 581 1756 ueniens
601 1692 696 1775 lupus
719 1693 769 1759 uis
793 1712 846 1759 eos
870 1694 923 1777 qui
947 1713 1148 1761 successores
1172 1715 1227 1761 er-

93 1798 202 1863 titisse
223 1796 425 1862 inneniuntur
440 1795 534 1859 heato
549 1794 643 1859 Petro
660 1794 765 1859 uicem
783 1814 895 1879 gerere
916 1798 1227 1863 mercennariorum?

95 1920 153 1967 eos
183 1919 261 1984 quos
286 1898 474 1983 iampridem
502 1917 557 1981 per
585 1898 782 1965 Hieremiam
810 1900 999 1983 promiserat
1026 1902 1140 1984 populo
1171 1918 1227 1967 suo

41 2006 222 2071 redicens:
256 2008 286 2069 et
307 2003 386 2069 doto
408 2002 497 2067 actis
521 2007 666 2085 pastores
686 2004 859 2069 secandam
887 2025 940 2069 cor
967 2026 1084 2082 mecm,
1115 2010 1144 2071 et
1160 2026 1226 2087 po·

93 2114 183 2175 secat
204 2127 259 2173 cos
275 2111 442 2189 poscentes
464 2127 535 2171 cara
557 2106 742 2191 disciplina,
768 2107 800 2171 et
822 2125 882 2172 non
906 2106 999 2173 urit:
1032 2108 1112 2175 dcto
1140 2108 1227 2173 cobis

96 2213 322 2281 Constantiam
345 2214 586 2293 imperatoreos,
618 2210 675 2290 qui
695 2229 753 2274 uos
774 2211 878 2291 possit
904 2212 941 2275 ia
963 2210 1084 2276 diaboii
1106 2216 1226 2276 uenere

88 2317 259 2399 praecium.
294 2314 383 2379 dicas
406 2333 463 2379 uos
485 2313 568 2378 male
592 2332 697 2396 agere,
728 2313 803 2397 quia
826 2314 992 2399 sacrilegio
1015 2316 1069 2381 tuo
1092 2315 1225 2381 resista·

94 2440 169 2487 mus
190 2420 307 2483 uirtute
329 2418 465 2502 protecti
488 2418 549 2484 dei.

41 2545 79 2586 so
141 2525 212 2590 ΧΠ.
246 2523 420 2589 Videamus
444 2522 520 2604 quid
547 2521 643 2586 etiam
672 2523 814 2604 tempore
837 2542 898 2606 quo
922 2524 1130 2608 contyrannus
1150 2525 1226 2590 tuus

95 2627 272 2694 Antiochus
302 2626 484 2708 persecutor
513 2625 640 2690 nostrae
673 2625 835 2708 religionis
859 2626 972 2704 extitit,
997 2627 1226 2709 quiriiecerint

95 2731 130 2796 hi
159 2731 212 2814 qui
239 2728 447 2795 meminerant
476 2727 602 2810 praeter
636 2727 730 2792 deum
759 2728 917 2794 neminem
945 2729 1130 2796 timendum.
1169 2730 1226 2796 sed

95 2835 184 2916 prius
208 2834 257 2898 est
278 2850 452 2921 cognoscas
481 2850 561 2914 quae
590 2830 660 2909 ille,
695 2830 806 2896 cuitu
829 2831 940 2897 simiHs
964 2851 1013 2910 es,
1049 2834 1225 2916 scripserit;

95 2938 144 3004 sic
168 2937 283 3001 etenim
305 2934 423 3018 poteris
449 2934 634 3018 intellegere
662 2934 735 3000 illos
767 2935 819 3000 dei
850 2954 973 3013 seruos,
1009 2955 1141 3018 quorum
1169 2955 1225 3002 nos

41 3059 77 3100 25
95 3040 241 3122 cupimus
255 3037 389 3103 inueniri
404 3037 584 3122 participes,
606 3038 762 3103 restitisse
779 3038 926 3102 Antiochi
942 3039 1118 3121 sacrilegio,
1143 3040 1226 3104 sicut

96 3144 130 3207 et
153 3161 208 3208 nos
229 3142 288 3206 tibi
313 3141 371 3208 deo
394 3140 527 3224 propitio
550 3140 746 3206 resistamus.
774 3140 913 3224 loquitur
936 3142 1047 3206 sancte
1069 3141 1226 3224 scriptura

96 3247 207 3312 dicens
228 3246 261 3311 in
283 3245 552 3311 Machaboeorum
580 3243 680 3326 primo
711 3244 807 3308 libro:
842 3248 872 3308 et
898 3246 1028 3326 scripsit
1053 3265 1110 3310 ree
1138 3246 1225 3310 cami

92 3370 192 3433 repar
218 3369 287 3428 suo,
322 3353 358 3413 et
387 3352 464 3414 essct
492 3350 663 3413 caieaersas
685 3348 828 3430 popalus
855 3368 939 3413 caes
961 3353 989 3414 ct
1011 3348 1224 3430 relinquerent

92 3454 309 3536 unusquisque
336 3452 477 3538 legitima
502 3472 572 3516 sero.
606 3457 635 3516 ct
657 3455 840 3532 receperant
860 3471 965 3516 omncs
985 3455 1091 3536 pectes
1112 3470 1224 3518 secca-

43 3573 77 3614 ³0
92 3560 173 3624 rium
194 3556 324 3621 certam
345 3557 430 3640 repis
452 3561 481 3621 ct
502 3555 596 3620 malti
613 3575 651 3622 cc
667 3555 773 3620 Israel
789 3559 1012 3640 consenserent
1033 3555 1131 3620 simol
1153 3575 1224 3620 cam

92 3660 164 3725 iliis
190 3665 218 3724 ct
246 3659 435 3741 polluerant
462 3659 637 3724 sabbatam.
675 3663 703 3722 ct
731 3658 821 3722 misit
847 3678 902 3724 rec
935 3657 1036 3726 ceros*
1058 3659 1095 3721 ia
1123 3677 1224 3724 mcccc

200 3896 288 3950 110n.
308 3897 349 3959 ro,
368 3897 469 3950 11-13
575 3897 605 3950 11
625 3896 662 3951 re.
680 3896 722 3960 ar,
743 3896 784 3950 16.
804 3896 836 3950 1r
934 3897 966 3949 ro
984 3897 1056 3950 mer.
1074 3897 1100 3961 e,
1120 3898 1153 3950 rs

93 3981 263 4036 arrham
283 3982 306 4050 r,
324 3981 427 4035 rs-se
933 3977 935 3984 ’
1119 3987 1121 3995 ·

143 4223 159 4276 9
178 4224 280 4276 cunctis
378 4226 561 4294 numquitnam
664 4223 699 4276 24
717 4239 825 4292 qnorum
843 4225 913 4278 corsi.
934 4222 1081 4289 Latinius,
1101 4221 1224 4290 quonism

97 4315 135 4368 Vo
205 4307 239 4360 27
258 4309 460 4364 machabeorum
