3050 5000
478 379 520 432 De
537 378 642 447 regibus
660 381 821 447 apostaticis.
1168 382 1210 448 511

83 568 207 632 bomnm
228 569 266 632 de
281 571 371 650 poste
393 571 469 630 onte
488 567 604 649 faeiem
626 567 703 635 eins.
723 571 756 632 et
775 566 856 632 dobo
878 585 928 631 eos
948 568 985 631 in
1005 575 1121 632 monus
1141 567 1208 632 int⁴

81 671 243 734 mieornm
271 669 384 752 ipsias,
419 674 448 733 et
480 673 572 734 erunt
604 670 642 732 a'n
672 669 880 750 direptionem
913 673 941 733 et
972 669 1208 734 conbustionem

82 773 233 837 omnebus
253 772 396 837 inimicis
418 792 536 852 eornm,
557 772 712 853 qnoniam
726 773 865 853 proieott
891 776 967 836 amnt
995 773 1033 837 do
1056 777 1129 853 poet
1150 781 1207 852 mo,

80 877 118 939 et
139 878 232 939 erunt
256 876 385 956 depost
412 895 460 939 noe
492 879 521 939 et
548 879 641 938 erant
665 875 884 939 mooerbontes
910 894 970 952 nae,
1006 883 1044 940 en
1072 874 1208 956 quodie

51 979 232 1041 renuerent
248 981 358 1059 potres
380 997 487 1042 eornm
507 977 653 1042 deterre
674 977 810 1060 Aepypti
831 977 987 1059 usquein
1010 976 1093 1041 bnne
1115 977 1208 1044 dien.

81 1084 115 1144 et
131 1084 232 1145 cetero
241 1080 406 1147 uerborum
422 1081 577 1146 Monosse
591 1084 622 1143 et
635 1080 744 1144 omnia
755 1099 834 1161 qnae
847 1079 931 1162 feeit,
948 1079 1209 1162 quemadmodum

74 1202 214 1265 peooore
235 1182 309 1263 feeit
324 1183 438 1265 Israel,
462 1201 565 1248 nonne
579 1182 653 1248 bono
669 1183 791 1264 scripto
805 1183 931 1248 suntin
946 1183 1027 1248 bobro
1041 1183 1208 1248 morborum

80 1285 212 1349 dieram
225 1305 334 1369 repom
349 1286 437 1350 Indo
456 1289 488 1349 et
506 1286 766 1367 quenmdmodmm
788 1285 977 1368 sanquinem
992 1285 1207 1350 innoeenttnm

80 1388 176 1468 fndit
195 1388 330 1452 multum
350 1389 454 1466 ualde,
475 1409 572 1472 nsque
593 1390 670 1454 dnm
684 1389 829 1471 impleret
842 1388 1042 1453 Hternsotem
1056 1408 1150 1468 snper
1164 1407 1207 1466 os,

36 1505 67 1545 10
80 1496 179 1554 entra
209 1496 386 1572 petentum,
418 1512 497 1573 qnae
523 1512 654 1575 peooore
681 1492 755 1573 feeit
782 1492 874 1576 Inda,
908 1496 944 1556 nt
975 1492 1091 1573 feneret
1125 1490 1208 1572 qnod

80 1594 268 1677 molo'pnmn
289 1599 337 1658 est
349 1596 386 1658 in
401 1600 565 1678 oonspeotn
582 1596 706 1660 domini
720 1596 796 1661 det?
819 1599 849 1659 ot
869 1595 1020 1659 dorme‘m't
1036 1595 1208 1658 Monaeses

81 1715 159 1760 enm
175 1698 326 1777 potibus
346 1699 424 1780 snio,
448 1702 478 1762 et
498 1697 649 1780 repnentt
673 1697 762 1778 filins
784 1697 851 1760 eins
874 1715 937 1778 pro
964 1715 1005 1778 eo,
1034 1715 1104 1760 enm
1132 1699 1207 1760 esset

81 1817 249 1863 annornm
269 1801 390 1883 ntpinti
411 1801 472 1865 dno
494 1801 601 1866 Amos.

130 1902 236 1966 VIIII.
261 1902 345 1984 Quid
368 1903 457 1983 dieis,
481 1903 655 1980 Constanti,
679 1902 720 1967 ad
741 1903 844 1968 haee?
866 1901 961 1967 oredo
983 1901 1048 1966 iam
1065 1901 1207 1966 domuere
1299 1919 1315 1974 s,

39 2024 68 2065 m
81 2004 117 2068 te
143 2004 267 2070 dicore:
300 2009 330 2071 si
357 2027 424 2072 non
451 2009 524 2073 bene
553 2026 691 2090 sperem,
726 2027 792 2070 non
824 2025 919 2070 essem
953 2009 1041 2068 tonte
1070 2010 1207 2086 tompore

81 2128 242 2191 repnons,
277 2111 403 2192 quando
433 2109 545 2175 uideas
573 2110 606 2174 et
634 2109 769 2173 albemm
797 2109 894 2172 istum
921 2107 1102 2172 Manassem
1128 2107 1207 2172 talia

82 2212 235 2293 agentem
258 2213 485 2295 quinquaginta
500 2213 621 2295 septem
637 2212 726 2278 annis
739 2231 907 2296 regnasse,
931 2211 963 2276 et
979 2210 1053 2294 quia
1071 2210 1206 2274 diximus

81 2314 116 2377 te
143 2314 279 2378 alterum
302 2334 371 2380 esse
393 2317 585 2395 Manassem,
609 2317 713 2381 omnia
734 2316 834 2398 ipsius
854 2316 888 2380 16
910 2316 1027 2380 habere
1050 2313 1205 2394 eonapioe.

82 2416 140 2481 ille
165 2416 198 2480 in
222 2416 273 2482 dei
296 2418 388 2483 domo
410 2420 622 2485 idololatriam
651 2420 825 2499 constitnit,
853 2418 986 2484 totidem
1014 2416 1082 2500 ipse
1103 2414 1208 2480 fecisti

41 2536 68 2577 ⁸⁰
81 2521 113 2585 in
138 2521 259 2604 templo
282 2522 315 2585 et
337 2522 469 2587 aedibus
492 2523 625 2598 domini3
657 2523 713 2587 1116
735 2522 825 2587 idola
845 2522 922 2587 feeit
947 2520 1080 2598 adorari,
1111 2536 1205 2583 usur·

81 2624 175 2705 pauit
202 2624 262 2688 sibi
291 2624 374 2706 qnod
404 2624 521 2689 domini
550 2626 723 2703 dicebatur,
758 2626 795 2689 ut
828 2625 976 2706 deinceps
1012 2622 1075 2687 diei
1107 2620 1207 2703 possit

81 2725 258 2802 idolorum3
282 2728 386 2791 omnia
407 2728 485 2791 haeo
515 2729 548 2792 et
568 2729 603 2791 tn
626 2728 739 2805 1661611,
763 2728 837 2809 qnia
859 2727 1023 2791 arrianam
1044 2726 1207 2789 haeresem

81 2828 287 2894 introduxisti
307 2830 339 2894 in
363 2829 530 2895 ecelesiam
554 2831 587 2895 et
608 2830 661 2913 qui
684 2829 913 2912 blasphemiam
933 2829 1022 2893 tuam
1042 2828 1206 2909 tamquam

83 2930 184 2995 fidem
218 2933 409 2997 natholieam
443 2932 582 2997 statuisti
615 2931 858 3013 suscipiendam,
891 2931 980 2994 illam
1012 2949 1087 2994 uero
1122 2928 1206 3011 apud

45 3034 208 3099 “Niniam
231 3036 389 3117 seriptum,
412 3054 507 3118 quam
528 3054 585 3100 nos
607 3035 724 3100 seimus
748 3034 952 3115 apostolicam
975 3034 1206 3116 euangelicam-

83 3154 154 3217 que,
180 3136 393 3219 despuendam
415 3138 584 3202 mandaris.
611 3139 647 3201 ut
668 3139 703 3201 tu
725 3156 805 3201 nuno
829 3138 907 3201 haee
930 3136 998 3201 fieri
1021 3136 1204 3217 concupisti,

83 3238 129 3302 ita
159 3240 193 3304 et
217 3239 384 3306 Manasses
412 3241 555 3306 omnibns
587 3240 682 3305 idolis
709 3238 908 3304 seruiendum
937 3256 1004 3302 esse
1030 3238 1204 3316 mandauit,
1328 3292 1332 3300 .

83 3342 297 3407 resedendum
324 3362 400 3408 uero
429 3364 448 3408 a
479 3344 549 3408 deo.
601 3362 662 3408 non
692 3360 766 3425 ergo
795 3342 854 3407 en't
882 3340 1060 3405 mirandum
1090 3340 1117 3405 61
1143 3341 1204 3404 tibi

84 3443 253 3509 uindieasti
276 3445 380 3524 aedes,
404 3465 482 3528 quas
504 3446 652 3528 colligere
675 3463 782 3510 sumus
806 3444 890 3510 soliti
913 3443 964 3508 dei
985 3444 1143 3526 populum,
1174 3443 1206 3507 et

45 3544 116 3609 ose
149 3547 350 3612 idololatrem
383 3546 490 3613 dixisti
524 3567 593 3613 esse
626 3547 834 3624 catholicum,
869 3545 992 3629 qnando
1026 3545 1138 3610 uideas
1172 3544 1205 3607 et

84 3647 266 3714 Manassem
287 3650 401 3715 1661666
421 3651 508 3715 istud
536 3652 620 3733 qued
646 3651 683 3713 tu
704 3668 785 3713 nune
802 3650 929 3724 fecerim
953 3648 998 3713 616
1021 3648 1156 3731 denique
1172 3647 1205 3711 61

85 3748 143 3823 libi
164 3753 274 3834 parent
296 3753 440 3817 dominns
461 3754 547 3818 uiam
568 3753 689 3818 tenenti
710 3753 867 3830 Manasse,
898 3750 1054 3833 quomodo
1074 3751 1123 3814 illi
1144 3766 1203 3831 pe·-

85 3856 223 3934 poreerit
237 3857 270 3919 61
284 3875 446 3939 quousque
461 3857 645 3939 peperoerit,
668 3856 705 3919 ut
719 3855 870 3937 seriptum
887 3854 929 3919 sit
944 3854 1096 3919 dormisse
1110 3853 1202 3916 illum

135 4041 152 4093 9
171 4057 200 4095 66
218 4058 295 4111 super
312 4058 341 4096 os
359 4043 509 4110 Latinium
527 4041 614 4110 στόμα
631 4042 670 4102 εἰς
687 4041 775 4109 πόμα
787 4042 874 4095 LXX
944 4041 975 4094 10
989 4040 1057 4111 quod
1069 4041 1134 4106 fort.

87 4123 120 4176 14
137 4127 182 4194 qui
257 4127 291 4181 16
309 4128 337 4181 61
353 4129 464 4197 sorensi,
481 4130 510 4181 16
532 4129 571 4182 Vo
656 4127 690 4179 22
706 4126 843 4195 idolorum]
861 4126 946 4179 cultor
963 4126 1029 4181 odd.
1050 4125 1136 4179 Coleti

84 4208 243 4267 haeresimo
312 4212 346 4265 23
364 4214 415 4282 qui]
433 4214 495 4282 qnia
507 4213 643 4267 Latonius
710 4212 746 4264 24
763 4214 828 4281 aput
895 4211 1044 4280 nunquan
1057 4210 1204 4279 Latinius,

86 4309 134 4361 quo
146 4297 212 4362 fort.
281 4297 315 4350 30
332 4298 473 4352 idolatrem
494 4299 525 4362 V,
543 4297 712 4352 idololatram
728 4315 746 4351 o
