3050 5000
307 368 371 435 130
798 361 950 418 Luciferi

306 556 390 621 male
411 555 471 621 tibi
493 554 600 638 agenti
623 553 818 633 resistamus,
841 552 945 619 factus
967 554 1003 619 ut
1025 572 1110 619 mors
1124 550 1337 629 insatiabilis,
1361 548 1449 613 firriis

308 659 412 743 ageris
432 658 465 723 in
486 659 627 723 nostram
647 675 768 722 necem.
793 656 872 721 adeo
894 674 1031 739 nequam
1047 674 1091 736 os,
1115 654 1298 735 Constanti,
1325 653 1364 717 nt
1380 670 1448 715 cnm

307 762 493 844 prophetam
515 761 641 825 inuenio
664 760 785 825 dicere:
808 781 826 825 o
848 760 904 842 qai
925 760 1046 841 fundat
1066 758 1298 843 fundationem
1323 756 1446 821 maiam

307 865 419 931 domm
438 884 524 944 sanc,
546 868 584 929 at
603 864 740 931 conlocet
760 865 799 929 ia
819 863 924 929 odam
938 862 1053 929 ciaon
1067 882 1172 946 suom,
1195 863 1233 927 tu
1249 860 1336 927 mihi
1353 860 1446 942 atquc

307 968 469 1034 hereditas
491 968 677 1047 antichristi,
711 966 885 1046 suidones,
921 967 993 1031 anto
1023 966 1131 1033 oculos
1154 964 1362 1041 obuersetur‚
1394 982 1473 1027 co-s

308 1089 463 1155 gnoscens
485 1072 617 1137 conatus
638 1073 711 1137 tuos
731 1071 805 1137 illos
827 1070 1009 1154 sacrilegos.
1047 1089 1108 1137 non
1125 1070 1208 1135 enim
1222 1068 1340 1152 potest
1354 1066 1447 1131 dubi-

308 1174 370 1238 tari
391 1174 425 1238 te
446 1175 595 1241 conatum
617 1174 651 1241 et
670 1174 788 1253 conari,
811 1174 848 1239 ut
868 1174 936 1239 toto
957 1173 990 1238 in
1011 1191 1108 1257 regno
1121 1173 1177 1238 tuo
1191 1172 1307 1255 posset
1322 1169 1447 1235 firndan'

310 1277 451 1343 haeresis
472 1278 539 1356 tua,
563 1277 684 1343 destrui
705 1295 782 1343 uero
804 1276 885 1342 fides
907 1276 1073 1343 catholica
1112 1275 1170 1341 sed
1193 1276 1226 1341 et
1248 1294 1330 1341 cum
1355 1274 1446 1339 audio

311 1381 454 1447 dicatum
475 1380 536 1446 deo
557 1380 743 1465 prophetam
772 1380 893 1447 dicere:
921 1401 984 1447 occ
1004 1382 1061 1465 pai
1081 1381 1257 1464 aedificaret
1279 1380 1447 1446 cioiwtcro

309 1486 348 1551 ia
367 1484 583 1569 conputantur
609 1488 640 1551 ct
660 1488 871 1567 praepararet
896 1484 1060 1551 eiodowm
1085 1484 1123 1549 in
1142 1482 1392 1567 iniquitatibus,
1414 1482 1472 1545 tuo

309 1589 388 1653 mihi
411 1606 481 1653 esse
511 1587 631 1653 adderis
659 1589 714 1672 qui
736 1588 919 1671 speluncam
940 1588 1097 1655 latronum
1127 1590 1171 1654 sis
1198 1607 1256 1671 per
1281 1585 1448 1669 sanguinis

310 1691 466 1757 fusionem
490 1690 671 1771 aedificans,
704 1711 761 1775 per
788 1710 899 1757 necem
928 1691 980 1757 dei
1008 1710 1179 1758 seruorum.
1225 1691 1285 1755 aut
1314 1688 1447 1773 negabis

312 1794 497 1876 speluncam
517 1794 676 1861 latronum
699 1814 769 1861 esse
792 1796 933 1861 uestrum
947 1795 1122 1880 malignum
1144 1794 1321 1861 concilium
1338 1792 1448 1857 Arria-

311 1901 446 1961 nornm?
468 1896 496 1961 si
518 1916 580 1963 non
602 1898 679 1965 estis
700 1897 850 1979 latrones,
874 1898 1030 1983 quomodo
1057 1899 1234 1965 interficere
1257 1898 1448 1964 innenimiai

312 1998 373 2064 deo
395 2000 540 2083 doctos?
562 2002 711 2067 ciuitates
731 2003 764 2067 in
787 2004 938 2086 sanguine
962 2004 1016 2087 qui
1039 2002 1207 2069 aedificant
1228 2022 1294 2067 uae
1319 2003 1471 2068 haberer

311 2101 575 2185 prudentissimus
607 2106 779 2188 imperator
810 2126 871 2173 non
905 2106 1014 2173 uidisti
1047 2126 1107 2172 uae
1138 2108 1197 2173 tibi
1229 2126 1332 2190 posse
1373 2126 1446 2185 esse,

312 2206 388 2287 quia
417 2207 582 2272 haeresem
613 2209 704 2273 tuam
733 2228 789 2291 per
817 2210 979 2293 sanguinis
1013 2210 1065 2275 dei
1092 2210 1253 2275 hominurn
1289 2211 1447 2275 fusionem

311 2309 431 2391 putasti
451 2310 742 2375 reaedificandam?
773 2311 851 2378 dicit
872 2312 1000 2396 spiritns
1023 2314 1151 2379 sanctus
1172 2332 1228 2395 per
1250 2312 1446 2397 Sophoniam

313 2411 515 2494 prophetem:
532 2415 675 2495 quaerite
686 2415 852 2481 minam
863 2420 893 2483 ct
904 2434 1012 2483 omes
1022 2416 1158 2482 humiles
1169 2422 1276 2482 terrac
1288 2417 1447 2483 iudicium

312 2516 496 2595 operaenim
515 2521 546 2581 ct
565 2518 727 2584 iasttdam
748 2517 891 2602 quaerite
912 2524 943 2587 ct
958 2521 1146 2604 respondete,
1168 2541 1207 2586 ea
1229 2522 1279 2587 stc
1300 2526 1345 2586 at
1367 2527 1470 2606 tego-a

312 2615 398 2679 misi
418 2617 456 2680 io
470 2616 523 2682 dic
536 2618 607 2684 troc
620 2620 761 2700 domioi3
782 2621 818 2686 tu
835 2621 930 2686 diois:
954 2623 1106 2688 domante
1119 2625 1335 2708 sementem,
1361 2630 1447 2690 estote

314 2737 437 2782 mecam
457 2718 632 2787 horsmidae
652 2723 810 2808 samIcpe‘.
844 2726 1051 2790 annoniaco
1074 2726 1147 2792 sant
1169 2744 1250 2809 quae
1266 2745 1329 2793 nos
1347 2728 1447 2792 iacere

313 2820 491 2903 praecipis?
515 2822 678 2905 imperasti
691 2825 834 2892 damnari
847 2825 965 2893 domini
980 2828 1178 2894 sacerdotem
1192 2835 1322 2895 necne?
1348 2831 1447 2913 impc-

314 2922 393 2986 rasti
419 2923 587 2990 Arrianam
615 2927 782 3010 perfidiam
808 2930 988 3010 tenendam,
1021 2931 1214 2997 reiciendum
1243 2952 1325 2998 nero
1357 2934 1449 2999 fidem

315 3025 399 3107 apud
408 3026 534 3093 Niciam
548 3030 783 3113 conscriptam?
805 3034 832 3099 si
842 3035 921 3100 haee
933 3034 1046 3118 inpleri
1060 3035 1229 3100 mandasse
1243 3035 1278 3100 tc
1294 3035 1473 3120 refragaris

314 3146 376 3192 non
397 3131 499 3211 potes,
529 3133 675 3216 conspice
706 3135 739 3198 et
766 3135 941 3202 homicidas
972 3138 1004 3202 et
1032 3138 1203 3222 sacrilegos
1231 3157 1293 3203 nos
1323 3139 1448 3204 efficere

313 3231 465 3299 uoluisse.
490 3233 569 3300 dicit
591 3234 685 3302 deus·
707 3239 863 3306 eteritis
877 3239 934 3306 iilo
947 3241 1014 3309 dic:
1034 3242 1216 3307 concitante
1239 3241 1503 3314 Hierusalem

314 3354 387 3399 com
413 3337 556 3418 laeena,
584 3339 753 3421 defoedare
778 3361 876 3425 sopor
901 3344 992 3410 uiros
1020 3345 1077 3427 poi
1104 3349 1338 3426 corumptorcs
1368 3351 1450 3424 suat

317 3456 358 3501 nc
379 3439 561 3505 mediant
580 3441 756 3524 mandata3
784 3444 817 3508 et
844 3445 916 3510 tn'
907 3446 1011 3528 mqnis
1038 3447 1095 3512 tua
1121 3448 1224 3530 magis
1249 3447 1350 3530 atque
1375 3467 1449 3514 oon·

314 3538 570 3622 blasphemorum
583 3544 710 3610 tuorum
724 3547 941 3613 custodienda
965 3550 1121 3632 quomodo
1136 3551 1345 3633 potueramus
1360 3551 1449 3616 dam-
1456 3563 1503 3603 ³⁰
1502 3646 1503 3670 ¹

419 3743 599 3814 3Ηιὶ).2,9
668 3748 837 3814 subala
907 3751 1113 3822 lesopnm
1181 3753 1375 3819 asinula
1502 3687 1503 3748 ἔ

368 3929 564 4030 linsaciialbilis
666 3935 861 4007 8qnimihio
964 3941 1108 3997 tconatos
1201 3944 1384 3998 ‘iconnatum
1502 3949 1503 4022 i

316 4002 1015 4120 11181811191ωθνη.νοο.)7,εωιςαὶιιιιωῐονι.
1095 4046 1178 4101 idue
1262 4047 1294 4102 18
1312 4046 1445 4102 rehaedifi-
1502 4025 1503 4102 ἦ

315 4151 515 4210 condamm
609 4158 793 4232 23necne(⁰·
810 4181 844 4220 m.
862 4168 926 4235 rec.)
1022 4165 1056 4220 25
1074 4169 1139 4236 aput
1231 4169 1444 4239 2teonspiccte

317 4253 385 4318 fort.
458 4256 492 4310 30
509 4264 677 4347 potueramus
695 4269 778 4336 (corr.
796 4285 833 4326 oe.
848 4271 915 4338 rec.)
