3050 5000
402 383 444 436 De
461 399 515 436 uon
533 384 711 438 conuenieudo
730 399 789 438 cum
806 385 954 440 haereticis.
1201 388 1244 456 25

22 559 26 568 ’
117 571 206 636 hosao
228 576 319 636 oroma
342 593 454 654 corpas
476 578 529 656 ost,
553 576 609 656 poi
631 580 736 640 autom
757 575 941 658 fornicatur
961 577 999 641 io
1021 596 1136 660 arpos
1150 596 1244 641 suam

110 679 232 758 peccat,
257 676 304 740 et:
328 697 393 740 ooo
410 678 484 742 estis
498 679 614 758 uestra·
635 679 733 760 empti
746 681 834 744 onim
847 680 922 744 ostis
931 681 1045 760 pretio.
1068 680 1244 762 plorificote

118 783 146 841 et
161 783 289 859 portate
306 783 469 846 domiuum
484 783 521 845 o'o
537 803 664 863 corpore
678 789 791 848 oestro.
809 782 971 866 ‚quomodo
986 783 1103 866 poteris
1118 785 1243 864 portare

117 882 222 959 deum,
247 883 420 962 Constanti,
444 885 475 948 iu
499 903 628 967 corpore
650 883 715 962 tuo,
746 905 821 951 oum
843 886 1049 969 apostolicam
1070 885 1168 950 fidem
1189 905 1243 950 re·

89 985 240 1051 11111111
261 989 517 1070 haereticamque
541 989 739 1072 suscipiendo
770 1007 830 1054 nou
858 989 891 1053 te
913 989 999 1054 illius
1023 1006 1092 1054 esse
1117 988 1242 1066 dixeris,
1349 964 1370 1001 μ

117 1089 207 1154 ouius
230 1109 264 1155 se
289 1090 433 1155 dixerunt
454 1093 561 1174 patres
584 1092 683 1158 nostri
705 1092 865 1158 Abraham
888 1095 979 1157 Isaac
1003 1093 1036 1156 et
1057 1093 1163 1168 Iacob,
1187 1091 1245 1156 sed

117 1192 150 1256 et
183 1192 290 1257 cuncti
322 1195 493 1277 prophetae
528 1195 661 1278 apostoli
696 1214 732 1260 ac
761 1196 938 1279 martyres?
983 1195 1097 1260 deinde
1128 1195 1155 1259 si
1188 1194 1243 1276 qui

116 1293 286 1361 fornicator
307 1297 340 1361 in
362 1315 475 1379 corpus
499 1317 590 1363 suum
615 1299 663 1364 est
684 1317 830 1381 peccans,
854 1299 972 1381 quanto
993 1298 1097 1382 magis
1119 1299 1165 1375 tu,
1190 1296 1243 1379 qui

116 1398 160 1462 sis
182 1417 242 1464 nou
264 1418 320 1481 per
343 1417 470 1464 caruem
484 1401 608 1464 tautum
622 1399 703 1464 illud
720 1398 887 1483 perficiens
903 1400 1056 1482 serpentis
1075 1417 1162 1482 opus,
1186 1398 1243 1463 sed

77 1521 102 1560 m
116 1501 149 1564 et
170 1503 350 1586 peripsam
373 1503 531 1568 animam?
575 1504 702 1569 amatis
723 1505 802 1587 quio
824 1505 881 1586 pai
902 1523 934 1568 se
955 1505 1064 1587 irrupit
1084 1502 1243 1567 marici

115 1627 216 1672 auom
239 1623 352 1690 corpas
374 1612 426 1686 ost,
456 1609 513 1690 poi
536 1611 641 1672 autem
662 1609 771 1690 coepit
793 1627 824 1672 so
846 1607 976 1673 domiuo
998 1624 1084 1671 auos
1106 1606 1242 1686 spiritus

115 1715 168 1774 ost.
193 1725 266 1773 oum
289 1709 453 1793 sacrilegis
482 1729 520 1774 ue
544 1710 576 1774 et
597 1711 657 1793 ipsi
678 1710 755 1774 iacti
778 1711 810 1774 in
832 1727 961 1792 corpore
983 1708 1159 1774 meretricis
1180 1727 1242 1772 non

114 1829 308 1876 mereremur
331 1831 401 1878 esse
425 1812 543 1878 domini
565 1813 684 1891 famuli,
709 1813 766 1878 sed
787 1814 852 1878 iam
870 1814 906 1878 ut
927 1831 985 1878 uos
1008 1813 1091 1878 serui
1115 1811 1242 1890 diaboli,

115 1917 295 1980 censuimus
317 1916 531 1981 recedendum
552 1916 651 1982 fuisse
675 1937 693 1981 a
715 1916 815 1982 uobis.
853 1937 914 1981 uae
935 1917 1004 1995 tibi,
1029 1917 1081 1999 qui
1104 1915 1242 1980 uolueris

77 2034 104 2073 1⁵
116 2019 241 2086 domino
270 2020 427 2103 coniungi,
461 2019 518 2085 sed
546 2021 686 2086 uolueris
715 2021 849 2086 diabolo.
896 2020 954 2085 sed
983 2020 1015 2085 et
1046 2036 1118 2084 oum
1147 2017 1241 2082 dicit:

114 2121 210 2185 aetite
231 2122 353 2198 sedaoo'3
376 2127 583 2202 corrompant
606 2124 691 2186 eoam
713 2141 813 2186 mores
835 2124 929 2187 boscos
957 2124 1122 2204 conloquio
1142 2121 1241 2206 molo,

115 2223 191 2306 quid
220 2243 271 2289 me
292 2225 382 2290 iubet
403 2224 508 2290 facere
531 2225 591 2289 nisi
613 2225 649 2289 ut
669 2223 791 2307 tugiam
813 2226 939 2290 coetum
961 2226 1052 2289 tuum
1075 2225 1241 2307 sacrilegio

112 2327 318 2405 maculatum,
341 2347 381 2392 ue
405 2327 479 2392 dum
501 2328 615 2392 haereo
637 2309 705 2405 tihi,
729 2328 762 2391 et
783 2327 851 2409 ipse
871 2329 979 2393 tecum
1001 2332 1151 2411 peream?

156 2429 228 2494 XII.
260 2429 423 2513 Quomodo
451 2431 567 2498 intuo
598 2431 730 2496 concilio
760 2432 899 2516 maligno
922 2450 992 2499 esse
1014 2429 1241 2516 potueramus?

73 2548 101 2589 ³⁰
114 2551 187 2598 cum
211 2535 388 2617 apostolum
410 2538 539 2601 beatum
564 2536 728 2601 Timotheo
747 2536 944 2601 inueniamus
969 2536 1101 2601 dixisse:
1125 2554 1242 2601 monas

115 2640 176 2703 cito
198 2640 318 2721 oemioo‘
340 2639 520 2721 inposueris
541 2659 640 2722 nepos
662 2642 948 2705 commooiooooris
961 2641 1099 2721 peccetis
1114 2640 1240 2705 otieois.

114 2746 142 2806 to
163 2742 271 2824 speum
292 2746 415 2809 costum
430 2763 534 2808 serua
558 2744 616 2808 sod
634 2742 792 2825 quomodo
810 2762 950 2828 essemus
966 2744 1056 2821 cesti,
1082 2743 1135 2826 qui
1150 2744 1240 2809 uobis

112 2845 271 2910 haerendo
293 2847 330 2910 ut
351 2864 408 2912 uos
425 2847 558 2931 disrupti
573 2847 740 2913 trissemus
755 2866 811 2929 per
826 2848 898 2912 illos
910 2847 1073 2912 carissim'
1105 2848 1239 2925 uestros,

113 2948 280 3013 inmundos
308 2949 459 3033 uidelicet
487 2951 614 3034 spiritus
644 2970 663 3015 a
686 2950 834 3015 castitate
856 2949 955 3015 fidei?
1000 2866 1155 3033 quoffiooo
1178 2970 1240 3015 uon

74 3064 100 3103 ²⁵
114 3052 435 3118 communicassemus
459 3052 569 3117 alionis
591 3052 741 3135 peccatis,
764 3053 849 3135 quod
872 3053 898 3117 si
921 3024 1239 3217 uobiscuuz'maneu-

114 3154 190 3219 dum
212 3156 453 3234 censuissemus,
486 3157 544 3221 hoo
575 3174 716 3221 essemus
744 3156 841 3220 futuri
871 3155 954 3238 quod
985 3155 1061 3219 estis
1082 3229 1084 3238 Ι
1106 3174 1150 3233 11,
1179 3157 1238 3220 hoo

114 3259 163 3324 ost
173 3259 316 3323 membra
326 3260 523 3325 meretricis?
535 3259 691 3342 quomodo
705 3278 760 3323 nos
773 3257 943 3324 Christiani
956 3275 1025 3322 osse
1036 3251 1240 3340 potueramus

114 3360 278 3426 uobiscum
299 3360 490 3427 haereticis?
513 3380 587 3425 cum
603 3362 681 3425 item
698 3361 862 3442 scripsisse
878 3360 1055 3443 apostolum
1074 3357 1239 3426 Timotheo

115 3464 276 3543 sciremus,
307 3465 343 3528 ut
365 3465 489 3531 uosmet
512 3466 767 3531 abstraheremus
791 3482 810 3527 a
831 3463 921 3528 uobis
943 3462 1130 3741 haereti}is:
1164 3464 1239 3529 oceo

74 3572 101 3620 '³0
113 3568 187 3633 doce
208 3574 236 3631 et
258 3568 432 3650 exhortore,
455 3570 485 3634 sa*
506 3570 577 3651 pois
599 3568 695 3633 ulter
716 3568 802 3632 dosa
823 3570 851 3631 et
873 3586 939 3631 ooo
960 3566 1060 3648 adqui
1093 3568 1135 3631 cit
1149 3569 1240 3632 sonis

112 3673 309 3737 sormooo'bos
331 3673 454 3737 domiai
482 3672 585 3738 austri
607 3672 683 3736 Iesu
707 3670 828 3737 Christi
855 3675 884 3735 et
915 3671 944 3735 oi
965 3690 1046 3752 poco
1070 3672 1238 3747 ,muudum

107 3776 261 3856 pietatem
287 3780 332 3839 ost
358 3776 531 3853 dertonae,
565 3774 702 3855 totietas
732 3778 778 3838 est
804 3777 910 3839 ouum
937 3773 1022 3838 nihil
1049 3775 1159 3855 scieas,
1183 3774 1238 3837 sed

214 3979 352 4037 uncos.
370 3982 396 4045 6,
415 3928 448 4034 i?
517 3979 698 4040 10111111
769 3980 801 4033 16
818 3979 854 4033 ib.
874 3980 915 4043 15,
935 3979 969 4033 33
1042 3978 1234 4043 coffinus,

112 4066 434 4131 taraiasa-5

164 4238 198 4292 13
215 4252 372 4291 mereremur
389 4252 443 4290 nou
460 4237 526 4304 fort.
615 4236 647 4289 15
666 4234 773 4289 diabulo
860 4236 893 4289 16
911 4235 982 4289 mala
1004 4236 1034 4299 V,
1052 4249 1135 4303 praua
1153 4251 1168 4287 o

113 4324 146 4378 28
164 4339 225 4378 cum
247 4324 278 4388 V,
297 4339 342 4376 our
359 4340 383 4387 o,
404 4323 444 4376 cui
462 4339 515 4377 scr.
536 4322 622 4376 Oolets'
