3050 5000
402 373 442 426 De
461 390 514 427 non
532 373 711 428 conuenieudo
731 390 789 426 cum
806 375 956 428 haereticis.
1201 374 1244 442 27

110 623 112 626 ,
163 564 251 628 XIII.
289 563 452 644 Quomodo
486 564 518 628 in
552 564 684 629 concilio
718 565 824 628 uestro
853 564 1057 628 Arrianorum
1091 584 1160 631 esse
1189 583 1248 628 nos

118 667 322 748 potueramus
346 665 539 732 Christiani?
574 667 629 750 qui
648 667 680 730 in
703 667 784 731 libro
807 667 1075 732 Machabeeorum
1096 686 1247 750 praeces·

121 788 207 834 sores
231 785 399 834 conserues
428 769 550 834 nostros
580 770 762 852 segregatos
791 767 888 834 fuisse
919 772 958 835 ab
987 770 1051 836 iliis
1079 771 1133 852 qui
1161 770 1250 834 iuxta
1314 741 1364 904 s

121 871 261 936 edietum
289 872 471 956 contyranni
493 872 540 935 tui
569 871 717 937 Antiochi
738 872 833 936 idohs
855 873 1110 956 supplicauerunt
1134 871 1247 957 <audi-

92 975 297 1061 5uerimus>z
321 976 423 1040 Iudas
439 980 544 1040 autem
560 976 787 1055 Machameus,
802 977 858 1058 qui
872 976 1010 1041 decimus
1023 976 1133 1057 fuerat
1152 979 1183 1039 et
1202 995 1248 1038 se-

120 1083 255 1144 cesserat
274 1080 311 1142 in
333 1081 488 1146 desertum
512 1080 612 1160 ibique
634 1099 704 1144 eum
725 1079 804 1160 feris
826 1080 929 1144 uitam
950 1081 987 1144 in
1001 1079 1159 1144 montibus
1175 1099 1248 1142 cum

121 1184 189 1248 suis
211 1183 331 1266 696161,
354 1183 444 1264 faeni
466 1184 531 1248 cibo
552 1187 703 1248 nascentes
725 1184 944 1264 morabantur,
968 1204 1007 1247 ue
1029 1187 1127 1248 essent
1143 1183 1248 1264 parii-

124 1286 208 1367 cipes
230 1286 509 1368 coinquinationis,
556 1286 721 1369 cognoscis
750 1287 808 1350 hoc
837 1287 870 1349 in
898 1305 959 1350 uno
987 1285 1168 1350 testimonio
1193 1303 1251 1348 nos

77 1392 81 1397 '
122 1389 272 1454 recedere
297 1390 470 1472 oportuisse
495 1410 513 1454 a
535 1391 635 1469 uobir,
670 1410 709 1454 ne
739 1391 771 1455 et
798 1410 854 1454 nos
882 1390 1053 1472 participes
1081 1388 1252 1454 nossemus

80 1509 109 1548 1⁰
125 1493 395 1576 coinquinationis.
442 1493 597 1577 quomodo
621 1494 711 1558 uobis
733 1494 955 1576 iungeremur‘?
978 1511 1051 1557 cum
1065 1492 1143 1559 item
1166 1491 1253 1555 dicat

127 1596 270 1662 dominus
286 1595 327 1660 ad
339 1597 513 1678 apostolos:
530 1597 690 1662 adtendite
705 1597 793 1662 uotis
808 1618 830 1660 a
839 1598 989 1678 fermento
1002 1595 1252 1660 Pharisaeorum

125 1704 155 1764 et
167 1700 431 1774 Sadducaeorum.
456 1701 488 1765 61
502 1702 538 1765 ut
553 1699 743 1764 fermentum
758 1700 855 1765 fuisse
869 1700 1047 1765 doctrinam
1058 1718 1119 1764 non
1132 1717 1250 1776 sanam,

126 1821 220 1884 quam
242 1801 396 1866 uidelicet
419 1803 473 1866 aut
494 1803 568 1867 tuno
591 1803 639 1866 illi
654 1803 817 1868 Pharisaei
835 1803 889 1866 aut
905 1801 1085 1867 Sadducaei
1101 1802 1156 1866 aut
1171 1821 1251 1866 nunc

125 1925 183 1972 uos
206 1906 344 1971 omnium
368 1905 526 1971 sectarum
547 1905 704 1988 preteritis
729 1906 890 1983 haeretici,
914 1906 1006 1974 nobis.
1026 1905 1252 1982 manifestaret,

82 2031 111 2072 re
127 2008 269 2090 sequitur
292 2008 448 2090 scriptura
471 2008 594 2073 dicens:
629 2014 704 2074 tune
732 2009 912 2091 cogitabant
939 2010 1024 2072 inter
1052 2028 1085 2072 se
1106 2009 1252 2087 dieentes,

126 2111 205 2193 quia
224 2131 340 2192 panem
363 2133 428 2176 non
457 2112 614 2178 tutemus.
659 2113 772 2193 quibus
799 2111 1010 2194 recitantibus
1037 2113 1121 2177 diait
1144 2113 1254 2177 lesus.-

126 2215 205 2297 quid
220 2217 364 2299 eopitutis
379 2217 464 2280 iuter
478 2235 534 2280 uos
549 2215 689 2280 modicae
703 2217 788 2298 fedei,
806 2216 884 2297 quia
893 2235 1013 2296 panem
1028 2236 1094 2280 non
1109 2215 1253 2279 dedetis?

127 2320 269 2384 nondum
291 2319 476 2402 inteiiepitis
499 2339 596 2400 neque
618 2319 807 2382 meministis
829 2318 1105 2400 quinquepanum
1121 2318 1256 2399 616616-

127 2441 186 2504 que
216 2422 344 2486 mitium
373 2421 538 2486 hominum
571 2427 600 2486 et
633 2426 708 2505 quot
740 2421 890 2503 cophinos
923 2421 1123 2503 sumpseritis
1156 2439 1254 2502 neque

83 2546 114 2587 ao
127 2531 242 2609 septem
258 2546 386 2609 panum
401 2531 430 2590 et
444 2532 558 2608 septem
573 2525 678 2591 miliia
694 2525 857 2591 dominum
872 2529 902 2588 et
915 2529 989 2606 quot
1001 2528 1128 2606 sportas
1142 2544 1253 2605 sump-

127 2631 239 2697 sistis?
261 2650 358 2713 66616
380 2650 445 2695 non
468 2630 659 2713 intellegitis,
683 2630 760 2711 quia
783 2650 848 2693 uon
870 2631 908 2694 de
923 2645 1011 2709 pune
1033 2628 1120 2693 diai:
1143 2628 1254 2692 adten-

128 2734 193 2799 dite
216 2754 236 2797 6
257 2734 409 2815 termento
432 2734 684 2801 Pharisaeorum
705 2739 733 2799 et
756 2732 1038 2798 Sadducaeorum?
1067 2737 1142 2795 tune
1162 2730 1255 2795 intet-

129 2838 281 2920 teaerunt‚
289 2838 367 2918 quia
378 2858 443 2901 nou
454 2837 538 2903 diuit
549 2858 570 2901 6
580 2836 744 2917 fermento,
752 2837 807 2899 sed
819 2857 841 2899 6
851 2837 998 2900 doctrina
1005 2834 1256 2900 Pharisaeorum

129 2941 328 3005 intenderent
356 2940 427 3005 siti.
471 2940 548 3005 item
576 2939 618 3004 ad
642 2938 820 3004 Corinthios
850 2938 990 3003 scribens
1014 2957 1087 3001 cum
1111 2938 1259 3019 dignetur

86 3043 292 3125 naporum
310 3043 464 3109 instruere
487 3042 700 3107 recedendum
724 3060 742 3105 a
766 3042 855 3107 uobis
877 3040 1045 3105 haereticis
1064 3040 1096 3103 et
1112 3040 1257 3104 omnibus

131 3146 334 3229 alienigenis,
369 3146 525 3228 quomodo
555 3144 810 3227 praesumpserat
844 3137 897 3208 cor
929 3143 1020 3206 tuum
1053 3143 1085 3206 in
1114 3142 1258 3207 omnibus

130 3250 254 3317 uarium
279 3250 311 3313 61
331 3250 493 3328 1116161116,
518 3248 627 3313 sedin
651 3249 709 3312 hac
733 3246 931 3328 malignitate
954 3244 1038 3310 maio
1054 3244 1166 3309 salutis
1182 3264 1258 3309 suae

130 3352 252 3435 ingenti
275 3352 451 3417 stabilitum
472 3354 593 3431 robore,
618 3370 673 3415 nos
695 3350 837 3432 potuisse
859 3349 966 3413 tecum
988 3367 1100 3430 pacem
1114 3348 1168 3411 uel
1183 3367 1258 3413 cum

236 3581 397 3646 51111661.
416 3591 440 3655 5,
459 3591 491 3644 ar
597 3589 841 3651 11Mauh.1u,o
939 3588 971 3640 15
989 3587 1027 3640 u.
1045 3588 1086 3652 16,
1106 3588 1190 3641 1-16

185 3834 380 3888 istrianorum
402 3834 433 3896 V,
452 3832 570 3885 arianio
638 3827 913 3899 2praedecessoreso
983 3827 1102 3897 diuisae]
1114 3829 1262 3897 legeramus

134 3922 235 3989 Titius,
247 3921 385 3989 legerimus
398 3918 535 3972 Latinius
549 3917 614 3971 add.
684 3916 832 3969 4611111661
902 3914 1076 3968 audiuerimns
1089 3916 1192 3968 addidi

133 4010 151 4063 6
167 4007 206 4061 ibi
225 4008 296 4061 coni.
316 4006 487 4061 Gattmndius
582 4003 602 4057 8
618 4002 859 4072 quoinquinationis
959 4002 991 4054 12
1009 3999 1194 4053 saducaeorum

134 4096 168 4148 14
194 4093 356 4163 prophetetis
388 4093 428 4155 V,
464 4089 601 4159 proferetis
631 4106 662 4159 u‚·
691 4086 823 4157 preteritis
853 4104 937 4155 quam
965 4086 1114 4155 proferretis
1144 4086 1263 4139 scribere

134 4180 223 4235 mutui
310 4176 466 4230 tamorice
554 4174 585 4227 19
611 4174 727 4243 quofinos
814 4172 848 4226 ‘20
867 4171 935 4241 quod
1022 4170 1194 4224 1161661116

134 4292 169 4345 22
187 4283 214 4344 6
225 4291 256 4353 V,
275 4289 307 4343 de
326 4306 342 4342 6
417 4285 602 4340 saducaeorum
677 4250 864 4371 aretinensis
