3050 5000
261 363 324 428 350
583 362 699 416 Index
721 363 906 416 nominum
931 367 967 416 et
991 380 1116 418 reruni.

296 546 442 600 Sirmiensi
460 563 505 600 an.
518 549 577 600 351.
598 547 751 601 dominatus
763 547 822 613 fuit
876 547 1060 601 Samosatenns
1079 547 1126 612 (cs.
1144 547 1263 617 Paullus)

295 617 330 669 oo
348 615 419 683 ipsis
437 615 556 693 Arionis
574 616 646 669 lmese
664 616 773 683 quidem
791 616 822 694 ob
876 614 1015 696 Sanorinus
1033 615 1170 696 Persarum
1181 633 1226 668 rer
1238 633 1296 670 cum
1308 618 1436 674 Constan-

296 685 823 829 eelebrentaletreta-ee
876 682 1299 806 stlnltltttttdiih
1312 755 1436 809 cineas.

295 821 340 874 uti
357 821 503 873 Baronius
520 820 559 873 ad
571 836 617 874 an.
630 824 685 874 357
694 821 823 874 animad-
910 820 942 872 tii
961 820 1001 882 15,
1020 820 1052 872 21
1081 820 1276 887 (Sometimes
1295 823 1436 891 episcopus

296 889 392 956 uertit,
411 888 561 941 Photino
578 905 645 942 ison
663 895 751 942 esset
769 890 824 942 im·
910 889 1085 942 Arelatensis
1103 889 1135 942 in
1151 890 1267 943 eoricilio
1279 891 1437 944 Arelatensi

290 955 825 1026 ¹pietatesecuiidus,utsepium
911 974 956 1010 00.
979 959 1040 1010 353.
1062 973 1124 1010 eum
1147 958 1267 1012 Arianis
1290 960 1436 1013 commmit-

296 1025 569 1092 cotholieumque
586 1031 617 1078 et
634 1027 824 1080 haereticis
911 1027 990 1080 cauit
1008 1031 1034 1078 et
1046 1025 1078 1076 in
1091 1025 1297 1080 Mediolanensi
1309 1044 1372 1082 cum
1388 1029 1436 1082 Va

296 1094 541 1147 aduersarium
564 1099 725 1161 ostentaret,
755 1101 825 1147 tam·
912 1094 982 1147 lente
999 1099 1026 1147 et
1042 1094 1157 1146 Vrsoeio
1169 1095 1201 1146 in
1213 1097 1368 1149 Athanasii
1377 1112 1436 1163 per-

296 1178 379 1229 quam
396 1163 428 1214 in
439 1178 521 1215 sectio
533 1163 631 1216 ludum
643 1163 826 1216 Plotinam
911 1163 1010 1214 iticmm
1032 1161 1132 1226 foedus
1158 1163 1267 1226 iunxit,
1296 1180 1437 1232 suumque

297 1231 825 1284 adduxitinmediumetcontro
911 1245 996 1298 opera
1022 1231 1136 1282 Arimin
1158 1231 1248 1298 pestis
1276 1233 1438 1286 occidentem

297 1315 368 1419 eelim
393 1299 573 1420 episcogos
600 1299 770 1419 Arianos:
795 1299 826 1351 in
912 1298 969 1419 latr}
986 1298 1140 1419 00010οΞ0.Ι
1161 1301 1269 1378 Auctor
1292 1306 1437 1422 proitieertea

293 1367 826 1514 3333333013313330
911 1367 1027 1502 1333,
1040 1382 1438 1556 ,3ξῖ3610373003’.

297 1509 323 1556 et
340 1503 598 1556 seneeletudunis
616 1510 642 1556 et
659 1519 825 1574 iniayinis
912 1503 1051 1556 lmaertsem
1078 1519 1096 1554 0
1139 1520 1199 1556 eius
1226 1510 1359 1558 societate
1384 1520 1438 1558 sese

297 1573 466 1637 oniiserunt,
501 1572 633 1624 Filiam
662 1572 758 1625 deum
788 1571 826 1624 de
913 1571 1102 1637 disiuneerat,
1120 1571 1182 1638 ipso
1194 1573 1311 1626 Hilario
1330 1578 1398 1626 teste
1409 1574 1437 1625 in

297 1640 368 1693 Deo
381 1656 438 1692 esse
451 1640 627 1706 affirmantes
632 1640 746 1708 prolato
755 1657 825 1693 ouo·
913 1640 956 1693 lib.
970 1655 1018 1693 nn.
1028 1645 1099 1692 cent.
1113 1641 1256 1694 Omntmut.
1269 1642 1301 1694 in
1313 1641 1439 1694 cnsilium

297 1708 415 1760 themate
441 1713 539 1761 eontra
562 1724 606 1761 eos
633 1709 681 1776 qui
703 1709 826 1762 dicerent
908 1708 1059 1775 pelleretur
1072 1706 1438 1765 aOonstantio.'Oelet.nct.

297 1792 336 1828 ee
358 1792 426 1829 non
447 1777 682 1830 existentibus
705 1782 766 1830 aut
789 1792 827 1828 en
912 1792 971 1844 pag.
991 1775 1034 1844 14)

298 1844 413 1898 altera
438 1845 479 1912 hy
511 1845 623 1897 ostusi
650 1860 721 1898 esse
751 1846 826 1899 Ver·
878 1843 1161 1898 Satumietomnium
1183 1845 1309 1898 idolemm
1332 1845 1439 1898 cultores

298 1912 442 1966 buneuel
489 1914 583 1966 uisse
609 1918 738 1980 tenipus
766 1913 826 1966 ali
915 1913 972 1974 180,
991 1912 1022 1964 31

299 1982 445 2048 qnando,
463 1998 535 2034 eum
551 1997 617 2035 riou
634 1987 735 2034 esset:
757 1997 827 2048 quae
879 1979 1005 2034 Silnestsr
1029 1997 1049 2034 s.
1071 1982 1212 2034 memoriae
1236 1981 1278 2034 oui
1295 1981 1440 2035 Alexander

299 2054 391 2102 tonent
407 2050 503 2102 oniuia
520 2050 621 2103 callide
638 2049 676 2102 ad
689 2050 826 2118 decipien-
913 2050 1048 2117 episeopus
1067 2049 1170 2102 litteras
1188 2048 1263 2102 dedit
1281 2049 1340 2112 330,
1359 2050 1375 2101 6

298 2117 827 2188 dumsuumqueteqendumimpietutem
880 2116 1032 2170 Simrienses
1050 2118 1110 2180 246,
1129 2117 1170 2172 30.
1189 2117 1248 2179 265,
1267 2118 1291 2172 9.
1311 2117 1371 2180 271,
1391 2118 1420 2172 10

298 2186 416 2239 decreta.
435 2187 520 2239 Harae
538 2186 650 2239 laruam
667 2187 711 2239 hie
725 2186 826 2255 deteyit
878 2184 984 2253 spiritus
1002 2189 1108 2239 sanctus
1130 2187 1277 2253 paracletus
1301 2186 1347 2252 (cf.
1369 2201 1440 2254 para-

297 2254 425 2319 10ωο600,
445 2255 511 2308 dum
523 2255 676 2307 Photinum
688 2255 826 2308 Gortstan-
912 2252 1006 2317 cletus)

298 2323 338 2376 tio
349 2323 455 2376 socium
466 2339 600 2390 suumque
612 2323 695 2390 quun
707 2323 826 2376 omnum
877 2321 1075 2375 subrelictorum
1092 2323 1159 2376 liber
1177 2323 1218 2387 10,
1236 2323 1271 2376 30

297 2391 330 2443 in
347 2391 383 2443 im
404 2391 489 2444 ietate
506 2391 647 2458 appellat?
671 2389 754 2445 Oolet.
773 2393 826 2443 not.
878 2390 1002 2459 syrianus
1020 2390 1071 2443 dux
1084 2408 1100 2444 a
1112 2391 1271 2446 Constantio
1284 2406 1343 2444 cunr
1353 2391 1440 2443 militi-

297 2475 357 2527 pag.
393 2459 435 2526 03)
912 2458 961 2512 bus
979 2458 1013 2513 ad
1031 2459 1216 2513 Alexandriam
1234 2458 1440 2514 0100000100-

912 2529 998 2649 (ἰὲςίιο
1021 2529 1202 2583 institueretur
1224 2530 1360 2597 episcopus
1386 2528 1440 2591 188,

265 2648 828 2799 instituerentur

257 2783 262 2791 ’
300 2803 364 2867 tem)
383 2816 411 2853 se
427 2776 551 2854 nominat·
563 2775 667 2854 Lucifer
683 2750 828 2865 262unst
880 2786 1047 2855 Theosebins
1065 2801 1099 2853 ad
1116 2801 1231 2855 Africam
1248 2803 1344 2855 missus
1357 2802 1442 2863 329‚4

879 2870 985 2923 trinitas
1004 2869 1044 2932 19,
1063 2870 1104 2923 30.
1123 2870 1180 2935 137,
1199 2871 1233 2923 25
1251 2872 1299 2938 (cf.
1312 2870 1425 2938 Arriani)

267 2988 404 3059 Satellius
422 3007 455 3060 de
472 3022 579 3075 corpore
592 3008 717 3062 ecclesiae
729 3006 828 3060 excisus

300 3072 340 3135 17,
359 3075 401 3142 31,
425 3076 468 3143 qui
484 3075 564 3129 fuerit
580 3091 754 3157 ausnsnnam
773 3088 829 3155 esse
880 3060 988 3129 Valens
1011 3076 1135 3129 Arrianus
1163 3076 1276 3143 (Marsae
1300 3076 1442 3154 episcopus)

298 3144 829 3291 reineresbrunnen
914 3142 1268 3292 sentitis-oties.
1290 3144 1443 3280 tanne

300 3285 412 3332 eirenes
423 3284 486 3334 257.
495 3297 620 3349 primum
632 3282 728 3335 dorne
739 3286 829 3349 eoepit
914 3279 973 3333 crho
991 3279 1181 3334 Mediolanensi
1191 3280 1317 3334 aduersus
1330 3280 1444 3333 Athana·

300 3346 399 3401 Patris
418 3355 444 3401 et
461 3349 533 3401 Filii
551 3355 577 3401 et
590 3350 716 3417 Spiritus
734 3349 828 3403 sancti
915 3348 981 3401 sium
999 3352 1093 3401 cuncta
1109 3348 1218 3417 gerebat
1230 3348 1290 3412 319,
1305 3348 1348 3402 13.
1368 3348 1442 3403 Geor·

299 3431 387 3469 meam
404 3418 570 3484 emedemque
593 3434 651 3471 esse
664 3433 829 3486 1000800000,ι
935 3416 958 3469 'o
977 3416 1069 3469 sirnilis
1087 3418 1128 3481 81,
1147 3418 1163 3471 3

302 3482 347 3535 dei
363 3501 430 3538 uero
452 3486 622 3553 sapimitiam
643 3502 692 3539 seu
713 3486 830 3539 Verbum
880 3500 939 3539 neo
957 3484 1036 3537 nrisso
1076 3486 1176 3537 rinces
1201 3482 1276 3539 audit
1300 3483 1445 3538 Luciferum

301 3566 359 3604 esse
376 3553 484 3620 aliquid
502 3554 632 3607 occidens
699 3569 784 3607 sonae
797 3570 830 3607 ac
915 3552 974 3616 285,
992 3552 1033 3606 29.
1086 3501 1163 3616 Lib

302 3620 478 3675 substantiae
494 3623 552 3674 iam
569 3638 646 3692 consp
672 3627 723 3676 tue.
743 3622 829 3677 Hune
881 3620 1015 3675 Vercellae
1032 3620 1091 3684 319,
1111 3622 1143 3675 15

300 3705 420 3743 errorem
438 3690 586 3743 damnauit
600 3691 786 3759 Dionysiuse
812 3691 829 3729 ’-
883 3689 1035 3743 Vincentius
1061 3690 1163 3758 legatus
1188 3690 1328 3744 Arelatum
1354 3691 1445 3743 missas

300 3772 401 3826 scopus
418 3759 633 3813 naumurum
651 3765 678 3813 et
696 3758 772 3827 sym
793 3774 827 3812 us
915 3758 975 3819 329,
995 3758 1009 3810 7

300 3826 430 3879 Romam
456 3843 502 3880 on.
528 3830 590 3881 258.
617 3829 668 3881 sub
695 3827 778 3881 Siste
804 3828 828 3881 1.
881 3826 1003 3879 Vrsaeius
1019 3825 1145 3879 Arrianus
1164 3828 1308 3949 (apim
1328 3825 1446 3895 Singidu-

301 3894 409 3959 Poutif.
439 3895 517 3965 0000
533 3912 600 3949 uero
618 3912 651 3948 ee
668 3896 829 3949 hocerrore
915 3894 1003 3947 nensis
1032 3893 1212 3949 constantiis
1255 3895 1281 3907 '¹
1300 3895 1445 3948 risanricus

261 3998 264 4002 -
301 3969 508 4030 0000000ου000
537 3964 680 4031 absurdo,
710 3964 828 4029 Lucifer
916 3963 957 4023 15,
976 3902 1018 4017 20.
1036 3962 1147 4031 Georgia
1166 3964 1258 4017 similis
1275 3964 1318 4017 81.
1331 3965 1356 4017 3.
1374 3962 1444 4016 Luci-

303 4028 443 4086 declam?
463 4031 546 4086 Celet.
564 4035 618 4086 not.
655 4048 697 4099 ag.
717 4031 759 4098 15)
913 4030 963 4085 feri
981 4031 1099 4084 101ῐηὶ000
1117 4030 1176 4096 320,
1194 4032 1234 4086 23.
1259 4048 1318 4085 cum
1335 4032 1445 4085 Valente

261 4098 546 4221 *sazerlejlotrtrnguiliigia
571 4048 699 4154 innodata
723 4115 828 4153 manere
913 4099 978 4221 {elcit
1003 4100 1030 4152 in
1056 4099 1164 4155 concilio
1186 4100 1379 4154 Mediolanensi
1404 4098 1443 4159 15,

320 4184 387 4220 een
453 4209 460 4232 ‚
965 4185 993 4222 0.
1011 4184 1033 4222 s.
1050 4186 1078 4223 u.

761 4381 961 4389 --ψ
