3050 5000
448 386 490 440 De
508 390 599 440 sancto
617 387 764 441 Athanasio
783 387 850 440 liber
867 387 900 442 11.
1179 389 1239 455 155

115 596 266 655 rapaces,·
294 596 333 640 ee
353 576 509 658 fructibus
536 596 644 642 eorem
673 579 859 658 coenoseete's
888 596 947 642 eos.
992 578 1145 659 numquid
1178 597 1238 643 nou

112 678 260 743 luxerunt
280 678 367 745 illico
389 679 497 743 tristes
520 680 649 745 uenenis
673 680 790 744 diaboli
812 681 844 744 in
858 680 891 745 te
906 680 1086 745 inseminati
1103 681 1236 745 amaris-

114 780 187 845 simi
209 781 331 845 fruetus
352 781 410 860 tui,
433 782 470 845 ut
493 782 598 848 dicere
626 784 792 865 temptasti
822 784 1034 849 damnandum
1062 783 1159 849 fuisse
1185 784 1236 847 in-

113 883 280 948 auditum?
302 884 528 966 numquidnam
550 904 609 950 non
632 887 802 968 patuerunt
825 886 989 951 confestim
1011 886 1143 950 insidiae
1159 886 1233 951 tuae

85 985 179 1067 slupi
200 987 334 1067 rapacis,
355 985 438 1068 quod
462 988 543 1051 enim
566 989 675 1053 contra
699 989 750 1053 dei
769 989 856 1054 ouile
882 989 1060 1053 machinam
1091 990 1236 1055 constru-

111 1088 213 1153 xisses
249 1090 435 1164 marimam3
478 1090 632 1157 fructibus
673 1111 745 1175 ergo
780 1092 844 1156 tuis
878 1092 1034 1174 quomodo
1072 1110 1132 1157 non
1170 1093 1237 1157 ouis

111 1192 210 1258 fuisse
232 1194 325 1275 lupus
348 1195 473 1276 agnitus
496 1214 540 1270 es,
564 1196 609 1260 sic
633 1195 674 1273 et,
699 1196 855 1277 quomodo
879 1195 931 1273 sis,
956 1195 1017 1259 nisi
1038 1195 1095 1259 tibi
1120 1213 1236 1262 oonsu-

112 1296 219 1374 lueris,
245 1299 336 1362 arbor
357 1298 423 1380 igni
438 1297 606 1376 destinata,
627 1299 761 1380 probant
777 1316 868 1363 sacra
884 1298 1057 1380 euangelia
1081 1299 1238 1379 numquid

112 1400 266 1482 colliqueret
286 1401 325 1465 de
351 1402 457 1481 spinis
482 1422 582 1467 eoam
612 1407 669 1467 aot
696 1402 734 1467 de
762 1401 890 1467 tribulis
920 1402 1025 1484 fiens?
1061 1403 1106 1467 sic
1135 1402 1238 1467 orasis

72 1525 98 1565 ιο
111 1501 209 1567 arbor
241 1503 323 1568 dcco
356 1505 450 1570 bones
478 1506 602 1587 fructos
627 1506 716 1589 facit,
748 1505 837 1570 melo
872 1508 978 1569 aetem
1011 1504 1105 1569 arbor
1138 1504 1236 1569 malos

111 1606 238 1687 fractus
267 1608 355 1689 facit.
393 1627 460 1672 non
483 1610 588 1688 potest
614 1608 709 1671 arbor
737 1606 823 1671 boec
852 1607 953 1671 melos
982 1605 1106 1687 fructus
1133 1608 1238 1688 fecere

112 1728 212 1789 neque
235 1708 329 1772 arbor
350 1706 439 1771 mela
466 1706 563 1771 bonos
589 1706 714 1787 fructus
744 1706 856 1788 faeere.
900 1708 1004 1773 omnis
1033 1709 1127 1773 actm
1156 1730 1240 1791 quae

111 1830 180 1875 aco
201 1810 282 1891 fecit
303 1810 443 1891 fractum
464 1810 580 1874 bonum
601 1810 761 1874 excidetur
783 1815 811 1873 et
832 1811 869 1875 ie
891 1812 994 1893 ionem
1017 1812 1174 1893 mittetcr5
1200 1832 1237 1875 ee

110 1913 268 1993 freeetibcs
289 1914 375 1977 enim
396 1934 504 1977 eorem
532 1914 721 1995 coenoseetis
749 1933 807 1980 eos,
852 1933 916 1977 eoo
944 1915 1046 1978 omnis
1074 1916 1129 1995 qul
1158 1915 1237 1979 milei

73 2040 97 2079 15
111 2017 194 2081 dicit
220 2017 346 2081 domine
371 2017 508 2101 domine,
530 2015 666 2080 intrabit
695 2016 733 2080 ia
755 2037 887 2099 regnem
909 2016 1078 2093 coelorum,
1103 2018 1157 2082 sed
1183 2021 1238 2099 qui

109 2121 193 2202 feeit
214 2120 410 2185 uoluntatem
426 2120 537 2201 patris
558 2119 629 2184 mei.
669 2118 714 2183 sie
737 2119 934 2183 uoluntatem
956 2119 1054 2201 patris
1077 2120 1161 2184 unici
1186 2121 1236 2185 dei

110 2223 170 2287 lilii
193 2222 280 2301 iacis,
304 2223 340 2286 ut
361 2223 429 2287 eius
449 2222 552 2286 filium
574 2240 671 2303 neges
693 2222 899 2304 unigenitum,
929 2223 965 2285 ut
986 2223 1089 2305 ipsum
1115 2226 1236 2305 patrem

113 2326 284 2392 dicasnou
309 2343 512 2390 essenorum
540 2326 673 2407 patrem,
701 2325 737 2389 ut
764 2326 969 2390 fundamenta
995 2346 1050 2408 per
1080 2328 1237 2409 apostolos

111 2431 234 2494 coneris
251 2430 413 2493 destruere
429 2429 523 2507 iacta,
540 2428 576 2491 ut
590 2428 786 2493 interficeres
803 2428 896 2511 atque
912 2429 1084 2495 interficias
1100 2430 1237 2495 cultores

73 2555 98 2594 eo
112 2537 191 2614 eius,
215 2538 250 2600 ut
274 2536 431 2601 antistites
454 2537 552 2619 ipsius
576 2536 615 2600 de
646 2535 769 2617 populis
797 2535 932 2616 pelleres
963 2534 1022 2598 sibi
1052 2534 1237 2612 commissis,

111 2640 147 2702 ut
172 2639 334 2704 absentem
358 2642 390 2704 et
410 2639 589 2703 inauditum
613 2637 755 2703 damnari
777 2639 912 2715 iuberes,
928 2638 964 2700 ut
979 2637 1134 2702 haeresim
1150 2638 1238 2702 tuam

112 2762 193 2824 quae
211 2763 306 2807 uuam
328 2743 528 2824 blasphemat
551 2741 750 2806 diuinitatem
782 2741 880 2823 patria
909 2740 940 2804 et
961 2740 1019 2804 lilii
1049 2741 1082 2805 et
1110 2741 1237 2821 spiritus

113 2845 216 2909 saneti
239 2846 271 2909 in
295 2846 463 2910 ecclesiam
486 2844 724 2910 introduceres?
747 2844 774 2909 si
796 2846 874 2908 haec
899 2845 1023 2922 cuncte,
1039 2845 1076 2907 ut
1092 2843 1237 2919 diximus

112 2949 232 3030 placita
254 2950 327 3013 suut
350 2949 409 3013 deo
432 2949 524 3030 patri,
553 2948 670 3030 poteris
699 2948 816 3013 intrare
849 2947 881 3011 in
909 2964 1040 3028 regnum
1069 2946 1237 3012 caelorum.

75 3068 99 3107 2⁵
114 3052 205 3116 audis
229 3053 311 3116 enim
335 3052 442 3117 dicere
465 3051 592 3116 unicum
615 3050 715 3114 filium
746 3051 831 3115 eius:
854 3070 918 3114 nora
946 3050 1049 3113 omnis
1076 3052 1131 3131 qai
1159 3051 1237 3115 dicit

113 3155 193 3218 inite·
215 3157 341 3220 domine
369 3157 504 3232 domine,
537 3155 673 3220 let-redit
701 3155 739 3218 in
760 3173 891 3236 regnem
914 3153 1081 3227 caelorum,
1104 3153 1157 3217 sed
1179 3154 1234 3233 qui

112 3257 192 3337 feeit
213 3261 410 3324 uoluntatem
430 3260 535 3338 patris
557 3259 627 3322 mei.
652 3257 794 3322 damnari
815 3257 906 3321 iubes
927 3253 1143 3328 innoeentem3
1175 3273 1236 3320 non

113 3360 227 3425 recolis
248 3361 279 3424 in
297 3361 405 3426 Exodo
430 3361 545 3426 dixisse
569 3361 679 3424 deum:
702 3362 731 3424 se'
753 3360 937 3424 rieaeere'et
958 3360 1020 3423 duo
1035 3363 1062 3421 et
1078 3377 1234 3438 percusse·

114 3463 181 3526 rint
193 3463 355 3527 mulierem
370 3464 407 3528 ia
422 3468 509 3527 utero
524 3462 687 3526 habentem
699 3466 729 3526 et
740 3461 926 3525 abortteere‘t
939 3481 1004 3524 eoa
1016 3461 1235 3540 deformatum,

215 3668 231 3720 8
249 3667 345 3723 Matth.
363 3669 389 3733 7,
409 3668 508 3723 lue-21
578 3668 612 3720 25
630 3668 665 3722 ib.
685 3668 709 3730 7,
728 3667 760 3720 21
831 3665 865 3720 28
882 3667 928 3720 Er.
947 3667 989 3730 21,
1008 3665 1110 3718 22-25

164 3805 305 3907 erapacis
323 3840 339 3905 (¹
358 3858 392 3893 or.
411 3842 475 3906 rec.)
576 3839 669 3892 ouilern
688 3844 755 3892 ne.1
855 3837 932 3903 Quod
950 3838 1020 3889 enim
1036 3863 1072 3876 -ι
1088 3838 1236 3898 maximam,

114 3924 240 3979 fructibus
260 3943 320 3994 ergo
338 3957 373 3966 —
391 3928 497 3995 agnitus
515 3943 543 3980 es
561 3928 704 3996 ediocise.
776 3926 791 3976 7
809 3923 899 3994 fuisse]
920 3924 966 3977 sed
985 3925 1051 3978 edd.
1070 3940 1090 3977 s.
1111 3925 1126 3978 l.
1140 3942 1174 3978 eie.
1186 3941 1240 3978 rec.

115 4017 141 4063 et
157 4029 181 4079 e,
199 4013 275 4080 lupus
293 4029 345 4066 non
365 4015 420 4066 ouis
437 4012 519 4067 inisse
532 4019 679 4082 exspectes,
699 4013 748 4066 sed
767 4012 802 4078 cf.
821 4016 881 4079 154,
899 4015 936 4066 26
1023 4012 1055 4064 16
1074 4011 1110 4063 sio
1129 4011 1238 4078 scripsi,

115 4097 137 4149 si
152 4098 191 4150 Vo
260 4099 291 4150 17
310 4101 341 4151 ut
355 4099 438 4153 Vaed
457 4099 583 4196 quomodo
602 4099 634 4151 fit
651 4100 683 4151 in
694 4115 783 4168 marc.
795 4115 829 4151 oe
842 4114 902 4164 rec,
921 4096 1048 4164 quomodo
1066 4096 1098 4148 iit
1115 4098 1172 4148 uto

116 4200 147 4252 19
164 4200 234 4254 ieota
250 4206 317 4254 m.1
398 4201 432 4255 29
455 4201 617 4284 abortaverit
640 4201 655 4268 (¹
674 4219 707 4256 m.
732 4203 796 4268 reo.)
878 4199 993 4252 noudum
1014 4199 1154 4252 formatum
1176 4197 1240 4249 Gal-

117 4303 245 4374 loodius;
262 4306 311 4359 sed
329 4306 365 4373 μὴ
383 4304 594 4374 teramnensem
612 4307 700 4360 LXX
1232 4309 1234 4311 ’
