3050 5000
271 409 274 412 ,
302 370 346 434 50
788 363 936 418 Luciferi
998 434 1001 440 Ι

305 558 404 635 entur,
437 557 545 620 temen
572 555 608 618 tu
635 555 662 619 si
690 555 723 619 ir
755 573 879 618 summu
904 553 1015 617 uiuens
1043 551 1196 618 felicitate
1226 551 1329 616 fueris
1362 551 1440 615 hine

303 662 421 745 ruptus,
446 659 576 724 aduerte
599 657 735 741 qualiter
762 658 795 722 iu
816 658 850 722 te
872 656 1013 721 uindiets
1036 655 1077 720 sit
1097 673 1296 738 processura,
1323 654 1385 736 qui
1408 654 1440 717 in

302 765 391 830 tento
413 761 583 828 inuenietis
605 761 737 826 scelere.
783 779 821 826 ne
848 761 920 824 hirc
949 760 1056 842 iteque
1087 759 1256 842 quiequam
1284 759 1348 824 tibi
1377 757 1439 821 ud-

305 867 468 950 seripeeris
489 864 661 941 solicitude,
685 864 864 946 quodcum
886 863 930 929 sis
952 881 1070 952 negans
1092 862 1193 927 tilium
1216 862 1351 926 unicum
1373 858 1438 938 dei,

221 1004 239 1057 V
306 971 390 1054 qued
419 988 492 1034 cum
521 968 589 1032 eius
615 965 770 1050 tumidam
791 967 1001 1049 persequeris,
1028 967 1134 1030 tamen
1150 965 1267 1030 'adhue
1299 965 1439 1047 spiritus
1463 981 1473 1020 1

306 1077 381 1140 tuus
403 1075 434 1138 in
457 1057 585 1154 corpere
607 1057 662 1134 iilo
685 1070 833 1135 carnifice
862 1071 904 1134 sit
926 1087 1067 1148 monens,
1096 1068 1221 1152 quaudo
1244 1068 1439 1134 consideres

308 1178 404 1242 etiam
425 1175 524 1240 filium
547 1174 632 1239 Aseb
662 1173 751 1238 suuis
782 1173 913 1256 triginta
942 1172 1087 1255 quinque,
1116 1175 1189 1238 cum
1216 1172 1315 1237 fuerit
1337 1173 1380 1235 ut
1402 1173 1439 1235 tu

308 1281 491 1362 sacrilegus,
522 1294 672 1359 regnasse
706 1275 791 1358 opud
823 1276 976 1352 Iudaeos;
1012 1275 1051 1340 de
1085 1293 1146 1358 quo
1175 1275 1330 1358 seriptum
1363 1293 1437 1340 esse

307 1382 430 1466 legisti:
459 1381 540 1446 obiit
561 1381 599 1444 in
618 1380 693 1445 nias
715 1380 805 1447 Asub
821 1381 933 1463 nobie
956 1382 1019 1463 eni,
1051 1383 1080 1444 et
1101 1399 1167 1444 non
1187 1379 1375 1444 &dicauit
1399 1378 1438 1442 ab

307 1486 386 1570 illie,
415 1490 451 1550 nt
477 1485 596 1566 fuceret
624 1483 706 1566 qood
735 1487 853 1548 rectum
880 1489 948 1549 erut
971 1484 1009 1547 in
1029 1487 1192 1564 wincedo
1212 1482 1347 1563 doenini,
1385 1481 1470 1544 sedo

309 1590 348 1652 ub
371 1587 500 1654 miste
519 1600 594 1650 'non
623 1585 846 1652 abstinuerunt
874 1589 905 1650 et
931 1584 1158 1668 sacrificabunt
1187 1585 1225 1648 in
1247 1585 1387 1649 asetsis
1411 1588 1439 1646 et

308 1689 526 1756 incendebant.
550 1703 624 1752 eece
648 1687 744 1755 etium
767 1688 816 1752 hic
842 1688 1029 1754 describitur
1048 1706 1104 1752 rex
1125 1689 1157 1752 iu
1171 1705 1250 1771 poce
1266 1687 1438 1752 dormisse.

310 1813 383 1859 cum
410 1792 517 1875 itaque
540 1790 635 1856 fuerit
654 1791 786 1874 triginta
808 1793 943 1874 quinque
967 1792 1054 1856 annis
1071 1790 1284 1857 idololatrium
1308 1808 1437 1874 gerens,

309 1918 349 1962 ne
375 1897 435 1962 tibi
462 1893 623 1960 adscribes
656 1893 698 1958 ud
721 1894 856 1977 glorium
883 1894 916 1960 et
942 1893 1044 1959 dices:
1078 1894 1195 1959 idonce
1222 1915 1288 1960 non
1320 1895 1440 1976 utiquc

310 2001 462 2066 unlneror
484 1998 595 2080 plebe,
626 1997 744 2063 ideirco
772 2017 838 2064 non
866 1999 935 2062 tom
962 1999 1117 2063 extinctus
1144 2017 1222 2078 snm,
1252 1997 1306 2062 sed
1330 1997 1470 2062 aenum

218 2168 226 2182 s
309 2106 387 2179 nino
407 2121 540 2185 reconem
565 2100 695 2182 imperii
716 2098 859 2165 morant
876 2100 1051 2181 possidens,
1080 2101 1157 2182 qnia
1181 2101 1244 2166 sim
1265 2101 1343 2166 bene
1370 2121 1437 2166 ere-

309 2209 398 2284 dens·
425 2206 503 2288 qnia
524 2203 620 2268 Arrii
644 2207 731 2268 rectu
752 2204 797 2268 eit
816 2203 902 2286 fides,
919 2204 1003 2284 'enm
1024 2203 1149 2284 fecerim
1178 2205 1251 2270 bene
1273 2223 1439 2268 remouere

310 2312 467 2392 epieeoms
488 2313 517 2372 et
540 2308 624 2374 otios
644 2307 725 2372 tutes
745 2308 940 2372 instituerim
954 2306 1063 2388 quotes
1085 2307 1278 2389 concupierit
1299 2301 1437 2372 Arrius.

310 2413 383 2490 noli,
410 2412 549 2493 inquam,
577 2410 648 2474 hine
678 2409 738 2475 tibi
765 2409 903 2493 gloriari,
934 2409 1018 2492 quod
1040 2410 1111 2474 curm
1132 2411 1211 2474 hese
1236 2411 1279 2478 sis
1301 2409 1437 2490 tociens,

309 2518 416 2580 tumen
438 2514 611 2596 superbiae,
636 2514 760 2595 quande
782 2514 894 2581 uideas
916 2515 1013 2579 istum
1026 2512 1281 2598 regem'trig'mte
1296 2515 1471 2597 quinques

313 2618 401 2683 annis
428 2617 568 2682 tenuisse
593 2635 735 2699 reguum,
763 2617 795 2681 in
823 2636 900 2700 pecs
929 2618 1026 2683 iuuisse
1055 2618 1241 2701 exemptum.
1287 2618 1439 2701 eiigitur

311 2719 414 2804 potuit
433 2718 507 2799 illis,
536 2720 611 2802 quic
630 2720 678 2785 ite
700 2720 835 2803 exempti
858 2722 929 2800 siut,
958 2722 1071 2805 inpune
1092 2722 1291 2788 idololatriae
1316 2722 1439 2785 crimen

313 2823 436 2901 cedere,
469 2820 585 2905 poterit
618 2823 650 2886 et
681 2823 755 2902 tibi,
791 2822 963 2889 Constanti.
1008 2824 1156 2890 conuerte
1189 2825 1221 2889 te
1253 2824 1367 2907 itaque
1401 2822 1440 2887 ed
1491 2855 1494 2863 ,

315 2926 491 3003 dominum,
528 2944 568 2989 ne
599 2924 674 2990 talis
709 2926 879 2991 inueniuris
918 2926 1019 3009 qualis
1054 2926 1102 2992 est
1133 2924 1279 2991 iuuentus
1314 2928 1440 3004 Achab,

314 3031 354 3096 de
377 3048 437 3112 quo
460 3029 612 3112 scriptum
633 3029 776 3094 inuenio:
807 3035 835 3095 et
866 3031 941 3112 fecit
961 3030 1071 3096 Aebab
1100 3030 1278 3113 motionum
1300 3032 1340 3094 in
1364 3036 1470 3094 oon-¹⁵

312 3138 419 3213 specto
440 3132 574 3213 domini,
597 3138 627 3197 et
647 3133 787 3216 motique
800 3134 874 3214 tecit
889 3152 986 3215 snper
1007 3152 1113 3199 omnes
1136 3136 1192 3214 qni
1206 3134 1342 3215 fnencnt
1365 3139 1441 3197 ante

314 3257 394 3303 enm.
420 3239 450 3299 et
470 3237 625 3319 nonfuit
637 3236 690 3301 itti
704 3237 785 3301 setis
800 3240 837 3300 nt
846 3236 1025 3301 'mutaret
1040 3236 1226 3320 inpeccatis
1242 3233 1440 3301 Hieroboam

313 3340 377 3421 filii
399 3337 540 3415 Nobotb,
562 3338 616 3403 sed
645 3343 677 3403 et
703 3340 823 3423 aceepit
843 3358 972 3404 uxorem
993 3338 1118 3405 Iezabel
1137 3338 1242 3423 fitium
1265 3334 1392 3405 Bucen
1414 3345 1441 3405 et

314 3439 404 3505 Heio
419 3440 502 3522 neeis
526 3438 739 3506 Sidoniormn.
777 3441 900 3506 etabiit
920 3446 950 3506 ot
970 3442 1107 3507 oerninit
1120 3441 1224 3506 Baeti
1239 3447 1267 3507 et
1282 3444 1442 3509 adorauit

315 3561 386 3607 enm
407 3545 435 3607 et
456 3542 568 3607 statuit
589 3543 771 3608 sacrarium
784 3543 889 3611 Booti
911 3545 948 3610 in
969 3545 1060 3610 domo
1081 3530 1273 3629 retioicnnm
1287 3565 1439 3630 suornm,
1452 3560 1471 3599 ³⁰

316 3664 413 3728 qnam
427 3644 615 3725 aedificabit
629 3646 667 3709 in
681 3645 854 3728 damarim
874 3652 903 3713 et
919 3648 993 3729 fecit
1007 3648 1116 3713 Acbob
1132 3648 1247 3729 tncnm,
1270 3654 1307 3712 nt
1321 3649 1442 3730 faceret

417 3782 434 3834 e
450 3778 493 3834 111
508 3780 573 3850 seg.
592 3779 635 3845 n,
653 3781 695 3834 13.
713 3782 748 3835 14
773 3781 815 3853 nr.
832 3782 869 3838 n.
888 3782 929 3847 16,
954 3783 987 3837 ue
1011 3786 1038 3839 et
1054 3782 1081 3839 11
1096 3783 1185 3839 reru.
1204 3784 1246 3849 uo,
1265 3784 1308 3839 eo.
1325 3784 1372 3855 ee>

315 3865 665 3935 emmeno

366 4004 573 4075 equitemque
591 4023 608 4059 e
694 4006 781 4059 'idea
799 4005 944 4074 Latinius,
962 4006 1028 4060 base
1050 4009 1076 4063 V
1165 4008 1198 4061 13
1217 4008 1374 4063 idolotitum

317 4109 350 4162 18
362 4109 563 4180 concupicerito
623 4111 656 4164 21
669 4113 799 4165 exemtum
861 4111 1020 4181 ttinpunee
1083 4111 1193 4181 iiecup
1258 4110 1293 4165 25
1306 4078 1375 4183 εἶαρ

317 4193 351 4247 28
369 4194 475 4249 zezabel
572 4195 656 4250 busun
758 4196 792 4250 29
810 4195 886 4266 Helu]
905 4197 1022 4251 Ethbeul
1039 4197 1177 4253 Latinius
1284 4198 1376 4255 hobiit

316 4280 406 4333 bubuli
474 4280 507 4333 30
525 4282 638 4335 sucrurio
706 4282 797 4337 beheii
865 4284 1001 4351 regionum
1018 4281 1137 4339 m.1''
1320 4298 1322 4305 ⁴
