3050 5000
374 358 415 412 De
432 375 487 413 non
504 360 684 414 conueniente
702 377 760 414 cum
781 363 928 418 haereticis.
1177 371 1216 435 17

85 545 170 610 inter
198 563 271 623 uos,
305 565 344 610 ue
373 545 469 609 etiam
496 545 554 610 ille
581 547 754 629 increpatio
782 549 872 613 uocis
902 548 1027 615 diuinae
1057 571 1114 617 nos
1143 572 1215 617 oum

86 648 215 715 Iudaeis
238 649 272 740 ei
293 649 457 714 uobiscum
479 649 647 714 haereticis
674 651 838 732 urgueret:
872 655 908 714 ut
933 655 1012 733 puio
1044 655 1215 737 loquimini

86 752 133 816 aa
153 771 219 832 mc,·
238 749 349 816 'omum
369 771 426 816 uos
448 752 547 833 impie
569 753 686 834 cepistis,
720 757 751 817 ct
771 773 878 819 omues
899 775 957 819 uos
978 756 1157 840 deliquistis
1179 761 1216 823 iro

84 874 144 934 rue,
169 853 248 918 dicit
270 854 428 919 olorairoae.

59 975 72 1016 s
129 955 233 1022 VIIII.
266 957 428 1038 Quomodo
457 958 621 1023 uobiscum
649 959 739 1024 nobis
762 962 930 1026 conuenire
952 961 1099 1043 poterat?
1142 981 1214 1027 oum

83 1060 203 1144 legeris
220 1061 371 1143 seriptum
386 1061 418 1124 in
429 1059 509 1128 libro
525 1062 793 1127 Machabeeorum
808 1066 925 1146 primo:
941 1070 1017 1130 tuuc
1032 1069 1214 1148 copprepati

83 1169 160 1230 suot
183 1165 226 1229 art
240 1184 291 1229 eos
303 1168 475 1229 ooaaeotas
488 1164 584 1245 fortis
597 1165 635 1229 irs
651 1167 776 1231 uiribus
790 1167 830 1232 ab
843 1169 959 1250 Israel,
976 1170 1082 1234 omisis
1095 1169 1210 1235 uoluu-

83 1268 191 1332 tarias
212 1269 250 1332 iro
274 1268 346 1351 lepe.
380 1271 409 1332 ct
437 1287 542 1332 omres
563 1269 619 1350 pai
645 1267 813 1352 sapiebant
841 1291 863 1334 a
884 1271 983 1337 malis
1009 1271 1115 1338 alebi
1135 1280 1211 1338 suut

84 1370 128 1435 acl
151 1389 199 1436 eos
221 1374 251 1434 et
271 1369 353 1452 facti
374 1374 451 1435 sarit
473 1369 541 1434 illis
562 1371 809 1452 firmamentum.
832 1378 860 1436 et
883 1375 1114 1440 constituerunt
1135 1378 1206 1441 uir·

46 1488 70 1527 1⁰
84 1477 194 1555 tatem,
217 1477 247 1536 ct
265 1476 492 1553 percusserunt
511 1476 688 1553 peccatores
709 1473 747 1537 irc
769 1474 823 1537 ira
845 1494 905 1539 sua
927 1481 957 1540 et
978 1479 1067 1542 uiros
1082 1479 1210 1560 iniquos
1330 1530 1334 1536 .

83 1576 120 1639 ia
134 1575 370 1659 iudipuaticoc.
388 1579 418 1640 et
429 1577 522 1640 ceteri
534 1575 686 1658 superaret
701 1577 745 1642 ad
759 1579 916 1663 rationes,
932 1584 969 1644 ut
982 1600 1014 1644 sc
1029 1581 1210 1663 liberarent,

82 1684 110 1744 et
133 1680 287 1744 circuibit
307 1677 492 1744 Matatbias
514 1684 544 1744 et
565 1679 663 1744 amici
685 1681 761 1763 cias,
785 1685 816 1746 et
836 1682 1059 1748 destruxerant
1082 1704 1160 1748 aras
1182 1689 1212 1749 ct

82 1781 351 1848 circumciderurot
369 1802 488 1865 pueros
514 1784 755 1848 irccircuruciscs
784 1788 934 1866 quotquot
954 1786 1150 1850 iraeacrurrt
1174 1787 1211 1851 irc

81 1887 201 1967 balbus
222 1885 328 1952 Israel
349 1886 387 1950 iro
408 1886 607 1968 fortltadirre,
630 1890 661 1950 et
675 1888 835 1968 persecuti
849 1891 925 1951 suut
938 1887 1021 1970 filios
1035 1889 1210 1976 superbiae,

46 2009 69 2050 u
83 1996 111 2055 et
130 1989 339 2072 prosperabit
360 2009 439 2070 opas
467 1990 505 2054 iu
533 2009 651 2055 mauce
678 2010 796 2071 eorum,
825 1996 855 2056 et
882 1992 1084 2058 obtinuerunt
1114 1993 1210 2077 lepore

81 2094 119 2158 de
140 2093 292 2158 manebus
311 2094 455 2175 peritiam
477 2098 506 2158 et
528 2113 646 2174 repam,
671 2097 700 2158 et
722 2095 962 2159 condoluerit
983 2115 1115 2161 cornum
1132 2115 1208 2177 pec·

82 2198 194 2262 catari.
224 2195 403 2262 uobiscum
432 2213 489 2259 nos
518 2213 588 2260 esse
616 2196 831 2278 potueramus,
866 2215 938 2261 cum
966 2196 1104 2262 uideatis
1132 2197 1209 2280 quii

81 2299 144 2364 illis
167 2298 301 2364 fecerint
330 2315 366 2362 ex
392 2297 462 2362 toto
491 2297 587 2362 corde
617 2298 671 2381 qui
702 2299 797 2364 deum
818 2300 1021 2365 inueniuntur
1041 2301 1209 2366 timuisse?
1333 2338 1335 2351 ·

81 2403 116 2466 tu
140 2401 230 2480 diois,
253 2402 431 2474 membrum
445 2401 510 2465 ium
531 2402 607 2466 tuac
632 2402 793 2468 exsectum
813 2402 852 2467 de
867 2421 996 2486 corpore
1011 2404 1126 2469 beatae
1149 2423 1205 2468 eo-

45 2524 69 2563 so
82 2506 208 2586 blesiso,
233 2506 357 2591 quando
373 2504 525 2570 Amianus
547 2504 651 2571 factus
668 2524 703 2572 ee
719 2526 756 2571 ex
773 2506 969 2573 Christiano:
991 2513 1084 2573 estote
1098 2508 1203 2573 cobu-

83 2631 160 2674 cam.
194 2611 227 2673 et
242 2609 387 2675 dominus
403 2607 481 2673 dicit
496 2608 528 2673 in
545 2609 725 2693 euangeIIo:
749 2612 830 2693 quod
844 2613 873 2675 si
886 2611 996 2676 malas
1010 2616 1084 2676 tiore
1100 2612 1207 2676 deuter

81 2712 282 2779 scaudalirat
304 2716 340 2797 te,
365 2732 438 2778 eruc
459 2710 553 2777 illurn
575 2717 604 2777 et
618 2714 730 2795 proice
752 2714 809 2778 abs
830 2716 877 2794 te‚·
898 2715 1023 2795 expedit
1044 2714 1130 2778 erim
1148 2713 1207 2778 tobi

81 2821 115 2879 ut
131 2820 243 2897 pereat
266 2836 334 2880 ursa
350 2835 434 2897 pars
456 2816 665 2880 membrorum
686 2822 823 2895 tucrum,
854 2838 952 2899 quam
973 2822 1072 2883 totum
1094 2836 1207 2899 corpus

81 2924 168 2983 tcum
191 2919 341 2982 uallatur
363 2918 401 2981 irc
420 2918 608 3001 pelicanum.
646 2923 677 2983 et
696 2919 726 2984 si
748 2920 876 2985 macra
896 2938 1015 2983 moeurs
1036 2924 1093 2984 trra
1114 2939 1206 2985 scarr-

46 3021 204 3087 aeolicae
226 3026 264 3099 tc,
287 3020 412 3087 abscide
434 3022 528 3086 illam
549 3027 578 3087 et
597 3023 707 3103 proice
729 3024 785 3087 abs
807 3027 850 3099 te;
885 3023 1010 3105 expedit
1037 3024 1123 3087 cuim
1147 3022 1206 3087 tibi

80 3129 115 3189 ut
134 3128 242 3205 pereat
264 3144 334 3188 arca
351 3144 434 3206 pars
455 3124 665 3190 membrorum
686 3130 823 3203 lacrum,
846 3146 944 3207 quarn
966 3129 1066 3190 totrrm
1088 3144 1203 3205 corpus

81 3232 169 3291 torua
191 3232 242 3290 eat
264 3228 301 3290 irr
323 3227 506 3309 pebcruoom.
545 3228 685 3292 secuisse
709 3246 744 3292 se
766 3227 892 3291 Arrium
916 3227 1010 3308 etque
1033 3225 1203 3310 proiecisse

82 3329 254 3394 secuudum
288 3329 405 3395 domiui
438 3331 609 3414 praecepte
640 3330 758 3395 clamat
792 3329 944 3408 ecclesis,
979 3330 1013 3394 et
1042 3330 1078 3394 tu
1109 3330 1205 3396 dicis:

80 3434 226 3515 suscipite
247 3435 484 3516 compestilentes
499 3455 537 3501 ac
552 3436 618 3499 lues
641 3440 724 3511 tuos;
747 3434 783 3498 tu
800 3434 896 3499 dicis:
919 3435 1015 3499 sinite
1029 3454 1085 3499 uos
1100 3436 1203 3499 adem
1331 3441 1350 3461 κ’

45 3536 210 3601 siccare
231 3538 346 3621 morbo,
370 3558 430 3619 quo
453 3558 506 3620 epo
517 3539 678 3619 perierim.
703 3538 747 3602 sie
766 3538 815 3601 est
830 3537 870 3602 de
892 3555 1022 3620 corpore
1046 3537 1203 3602 ecclesiae

82 3639 202 3704 excisus
225 3639 392 3720 Sabellius
416 3642 451 3705 ut
468 3641 517 3706 est
539 3643 571 3705 et
587 3640 846 3707 condetestabilis
859 3641 935 3706 tuus
953 3640 1077 3705 excisus
1093 3639 1203 3705 Arrius

180 3844 197 3895 2
214 3844 286 3899 Hier.
303 3846 329 3911 2,
347 3845 380 3899 29
450 3844 598 3900 61Msoh.
617 3848 642 3910 2,
660 3845 763 3899 42-48
832 3845 863 3898 21
883 3844 980 3900 Maus.
998 3846 1023 3909 5,
1042 3844 1083 3899 29.
1102 3846 1136 3898 80

129 4033 190 4086 9111
207 4016 400 4089 firmamentum
418 4036 487 4088 cerci.
507 4035 645 4088 Latbcucs
720 4034 752 4088 12
770 4034 885 4087 muthius
977 4035 1009 4088 16
1028 4050 1107 4088 cornu
1124 4035 1201 4102 fort,

80 4130 154 4171 coro
222 4119 253 4173 17
266 4135 315 4173 nos
331 4120 362 4182 V,
380 4136 442 4174 nec
512 4104 624 4173 isillio
694 4120 726 4173 19
739 4136 861 4188 corporae
929 4118 1136 4175 25sbecindec

79 4200 111 4252 27
128 4201 247 4269 gehenne
327 4202 361 4256 28
379 4204 477 4258 clamet
498 4205 529 4267 V,
548 4203 689 4259 <Iamneia
758 4204 793 4258 29
809 4208 871 4259 tuoe
892 4206 940 4275 Vc,
958 4221 1017 4259 suos
1036 4220 1087 4260 scr.
1108 4205 1203 4274 Gobii,

79 4287 108 4338 ut
125 4302 171 4341 nos
189 4289 254 4354 fort.
326 4288 411 4342 sinete

130 4388 209 4443 XIIII.
1081 4392 1099 4444 2
