3050 5000
461 343 503 398 De
521 346 613 399 sancto
631 345 779 401 Athanasio
797 346 866 400 liber
882 347 903 402 1.
1188 358 1250 421 117

101 549 216 611 quem
237 531 273 596 tu
295 531 360 596 iam
381 535 548 616 probatum
577 536 716 601 habebas
744 538 945 622 sacrilegum,
975 559 1036 606 non
1065 541 1167 608 solum
1189 564 1249 610 nou

101 655 254 720 regnum
273 636 364 701 tuum
387 637 447 703 deo
470 639 625 706 debueras
646 659 848 723 praeponere,
878 643 936 707 s‘sd
957 662 1014 708 nec
1036 645 1139 727 ipsam
1160 648 1249 713 tuam

104 742 267 805 animam.
311 741 347 805 tu
381 742 497 806 etenim
524 743 591 825 ipse
619 743 711 808 testis
741 763 775 809 ee
804 745 1015 812 conscientiae
1044 748 1129 828 tuae,
1164 752 1247 834 quod

104 845 204 909 enirn
225 845 353 928 propter
375 844 473 910 fidem
496 865 591 928 quam
614 866 738 930 semper
752 847 858 912 tonuit
873 849 1009 914 ecclesia
1026 870 1062 915 ac
1078 853 1174 932 tenet,
1191 874 1247 919 our

67 963 88 1003 s
105 967 193 1012 eam
208 949 357 1014 damnare
372 948 517 1028 noluerit,
532 949 648 1015 missus
663 949 759 1014 fuerit
775 950 816 1015 ad
831 951 985 1031 exsilium,
1009 953 1083 1036 quia
1097 955 1249 1022 uideHcet

102 1053 255 1118 noluerit
279 1072 348 1118 esse
370 1053 538 1128 Attianum
571 1053 691 1119 idcirco
713 1073 849 1136 namque
868 1055 1077 1122 Athanasium
1099 1079 1247 1141 perosum

103 1159 263 1223 habitum
286 1178 305 1222 a
326 1156 416 1239 patre
437 1158 492 1222 tuo
515 1175 575 1222 nou
597 1156 680 1240 fugit
700 1157 744 1235 te,
768 1157 1022 1241 quandoquidem
1046 1163 1078 1226 et
1097 1163 1134 1227 tu
1155 1164 1187 1227 iu
1211 1183 1251 1229 ea

104 1281 194 1326 eum
216 1262 356 1345 digneris
377 1260 525 1343 persequi
546 1279 653 1337 causa,
676 1261 710 1324 iu
726 1278 790 1342 qua
804 1259 899 1326 tuerit
921 1262 954 1326 et
967 1262 1041 1329 tuus
1062 1267 1152 1348 pater
1173 1287 1248 1350 per-

105 1364 257 1428 secutus.
304 1363 390 1427 dicat
412 1362 546 1444 denique
570 1381 603 1427 se
625 1381 686 1427 uon
709 1381 779 1427 esse
802 1362 1024 1445 Christianum,
1054 1368 1191 1434 fateatur
1214 1390 1249 1436 se

56 1477 91 1517 1⁰
105 1466 303 1544 Amianum,
339 1465 371 1529 et
399 1465 459 1529 erit
488 1464 571 1547 apud
596 1465 630 1528 te
658 1463 926 1546 sapientissimus,
958 1485 1101 1552 magnus.
1154 1472 1248 1556 digne

104 1571 227 1652 itaque
250 1569 439 1651 conparatus
469 1587 503 1634 cs
531 1568 611 1645 cani,
646 1569 700 1651 qui
727 1566 858 1632 redierit
889 1568 929 1632 ad
958 1571 1111 1638 uomitum
1140 1593 1247 1650 suum3

105 1673 180 1737 iam
205 1673 288 1737 enim
312 1671 508 1737 Christianus
531 1671 752 1738 aestimabaris
780 1672 811 1736 et
840 1690 901 1736 uon
925 1691 994 1740 esse
1017 1675 1178 1756 Arriaum,
1209 1698 1246 1743 ex

107 1795 178 1858 quo
203 1777 412 1841 Athanasium
434 1793 507 1838 oum
527 1774 646 1840 tantus
667 1774 783 1840 iteam
808 1775 958 1840 uomitus
988 1759 1047 1842 sibi
1069 1780 1246 1846 commissis

106 1879 416 1962 repraesentaueris.
469 1878 502 1942 at
533 1896 615 1942 nunc
649 1896 722 1942 cum
756 1897 827 1944 esse
861 1879 1061 1959 oouprobaris
1095 1882 1248 1948 Arrianus

63 1993 94 2033 ¹³
108 1984 144 2048 et
169 1983 303 2066 cupiens
325 1984 489 2047 haeresem
510 1982 600 2046 tuam
621 1982 761 2046 inuenire
783 1982 889 2048 locum
911 1983 1014 2049 uirum
1036 1983 1155 2050 iustum
1172 1995 1246 2068 per-

109 2087 272 2170 sequaris,
297 2087 371 2169 quia
391 2085 446 2149 ille
469 2084 622 2149 uidelicet
643 2084 685 2150 sit
707 2084 839 2150 eandem
862 2085 946 2152 omui
968 2086 1038 2152 uisu
1060 2086 1245 2170 inpugnans,

106 2191 205 2254 recte
230 2209 264 2254 es
286 2189 476 2271 conparatus
498 2187 569 2252 caui
591 2186 726 2252 redienti
750 2186 792 2251 ad
814 2205 907 2253 suum
930 2188 1093 2254 uomitum.

156 2294 261 2358 XXX.
285 2293 368 2358 Item
384 2292 480 2356 etiam
494 2291 527 2356 in
541 2289 597 2355 illo
612 2289 696 2356 saeba
711 2292 767 2355 tuo
784 2291 910 2374 egregio
925 2293 1012 2356 recte
1029 2294 1246 2375 conparandos

109 2397 187 2462 cani
224 2396 277 2479 qui
309 2396 440 2460 redierit
469 2395 510 2460 sd
542 2394 696 2460 uomitum
725 2413 826 2472 suum,
862 2394 946 2476 quod
976 2395 1058 2460 euim
1089 2397 1249 2478 acceperis

67 2502 288 2565 ”ueritatem
309 2518 371 2565 uon
400 2518 470 2564 esse
499 2498 691 2563 catholicum
713 2496 870 2563 Adonium
900 2498 1248 2586 Germani<ci>ensium

112 2607 146 2670 et
171 2604 301 2670 dederis
323 2604 435 2669 contra
461 2601 596 2665 eundem
623 2600 747 2665 litteras
778 2600 819 2668 ad
841 2600 1054 2669 Antiooheues
1085 2604 1119 2669 et
1138 2605 1249 2686 postea

110 2710 200 2773 hune
225 2707 361 2772 eundem
382 2706 538 2771 hdorium
561 2704 729 2769 defendere
752 2704 893 2787 coeperis
916 2705 1059 2771 uer'tatis
1083 2725 1153 2772 esse
1170 2708 1248 2774 doc-

112 2816 231 2890 torem,
261 2812 360 2895 ipsius
389 2813 552 2875 haeresem
580 2808 770 2874 catholicam
802 2808 966 2873 uindicans
988 2808 1094 2874 fidem.
1141 2830 1248 2893 quare,

114 2916 295 2993 Constanti,
328 2915 395 2979 tam
421 2913 525 2979 leuis?
558 2913 763 2996 quamobrem
790 2912 821 2975 in
853 2930 950 2977 causa
978 2911 1053 2977 fidei
1081 2914 1118 2979 ut
1145 2914 1249 2980 uentis

71 3020 317 3101 ”pulsantibus
339 3017 481 3082 harundo
502 3015 641 3081 flecteris
663 3016 724 3079 huc
748 3014 844 3097 atque
866 3014 965 3079 illuc?
989 3014 1065 3097 quid
1079 3016 1205 3094 mirum,
1221 3018 1248 3081 si

114 3124 183 3186 tam
208 3121 312 3186 facilis
333 3121 421 3185 inisti
450 3119 492 3185 ad
520 3117 734 3184 damnandum
756 3116 965 3182 Athanasium
995 3117 1091 3183 etiam
1119 3120 1249 3186 cunctos

116 3225 169 3290 dei
185 3225 322 3288 inuitare
337 3222 528 3300 sacerdotes,
554 3220 809 3305 quandoquidem
828 3220 924 3285 etiam
939 3220 971 3284 in
987 3220 1072 3285 statu
1086 3222 1249 3305 religionis

114 3326 209 3391 tauta
233 3345 326 3410 agere
348 3346 404 3409 per
425 3328 515 3391 tuam
537 3344 597 3390 non
622 3323 776 3389 dubitaris
798 3323 1035 3389 temeritatem?
1074 3324 1246 3391 efferbuisti

117 3430 160 3493 ad
181 3430 357 3495 innocentis
380 3427 574 3493 fimdendum
597 3426 781 3509 sauguinem
808 3444 864 3491 rer
885 3425 1056 3507 piissimus,
1084 3427 1248 3510 tamquam

75 3548 104 3589 ³⁰
117 3552 179 3597 non
214 3532 412 3597 meminisses
446 3532 615 3614 scriptum:
649 3533 733 3615 repis
764 3532 803 3595 io
835 3532 969 3597 ueritate
983 3524 986 3530 ’
1000 3530 1179 3605 iudicantis
1208 3534 1246 3599 de

113 3638 325 3719 puaperibus,
355 3638 440 3702 seces
462 3637 530 3701 eius
550 3636 588 3701 ic
609 3637 824 3701 testimoniam
846 3640 999 3718 rescepet3
1032 3634 1089 3701 sed
1115 3635 1151 3699 tu
1174 3636 1245 3700 hinc

222 3857 257 3910 30
274 3857 351 3910 Pron.
369 3856 411 3920 29,
431 3856 464 3909 14

148 4064 282 4133 donem
372 4012 417 4117 cg}
432 4066 463 4136 (p
477 4081 511 4117 m.
529 4065 594 4130 reo.)
691 4064 753 4117 5et
771 4064 787 4117 6
805 4064 918 4119 uoluerit
1014 4030 1119 4117 scilia
1137 4066 1192 4160 ξω
1214 4082 1250 4118 m.

118 4170 183 4235 rec)
272 4168 305 4223 10
322 4168 402 4237 digne
418 4171 443 4234 (e
461 4183 495 4223 esc
513 4184 530 4222 a
546 4184 580 4221 m.
598 4169 626 4234 1)
716 4168 749 4221 14
767 4166 801 4223 ad
818 4173 887 4222 m.1
974 4166 1248 4235 tegernseensium

119 4269 145 4335 {⁶¹
162 4287 196 4325 m.
215 4274 279 4341 rec.)
350 4270 553 4325 trinorciense
623 4268 654 4322 au
674 4243 745 4323 sedis
763 4273 784 4338 (ο
802 4288 836 4327 m.
855 4272 920 4337 reo.)
