3050 5000
458 374 501 429 De
518 377 611 428 sancto
628 372 776 429 Athenaeis
794 375 862 430 liber
878 376 899 431 1.
1185 382 1246 448 131

114 586 192 633 nare
220 564 335 629 iniuste
369 562 509 627 iustitiae
542 562 696 629 fiuctibus
728 564 857 646 plenum
891 566 1008 631 domini
1038 569 1247 649 sacerdotem,

112 688 190 734 cum
211 668 378 733 uideamus
400 665 503 749 qualia
524 665 726 731 comminatio
747 665 844 731 fuerit
865 669 975 734 oborta
996 672 1106 735 contra
1127 672 1252 738 Iudae--

115 789 207 836 orum
235 768 430 853 praepositos
452 768 506 832 uel
527 768 638 833 contra
660 787 769 834 omnes
792 788 900 835 eorum
923 773 1075 853 conscios,
1099 774 1152 856 qui
1166 778 1246 839 haec

116 891 199 956 quae
211 873 279 955 agis
293 870 599 955 egisseuoscautur?
622 892 640 936 o
662 892 744 954 quoe
764 878 836 939 eret
856 875 1027 957 splendido
1041 880 1071 940 et
1084 877 1248 959 redempte

84 978 243 1055 sciuitas,
266 976 420 1043 columbe.
461 996 529 1039 uon
556 976 724 1041 exaudiui
745 996 860 1054 uocem
894 998 960 1043 uou
981 979 1125 1061 percepit
1150 981 1247 1045 disci·

106 1080 252 1163 piiuom,
273 1079 312 1143 iu
332 1077 459 1144 domiuo
481 1097 548 1143 uou
563 1078 693 1160 confidit
713 1084 742 1143 et
755 1079 800 1143 ed
814 1080 908 1144 deum
922 1100 1016 1146 suum
1029 1100 1094 1147 uere
1107 1083 1246 1148 ucesiu.

108 1183 278 1264 priuupes
305 1182 375 1247 eires
400 1182 482 1246 sicut
508 1179 794 1262 immiscuisset,
822 1182 943 1247 iudices
969 1184 1037 1248 eius
1065 1184 1148 1249 sicut
1175 1184 1247 1267 tupi

113 1285 268 1365 Arutice,
290 1302 357 1347 uou
370 1282 545 1363 subreliqui
559 1288 653 1347 eruut
673 1284 711 1347 iu
732 1302 835 1348 moue.
860 1284 1034 1367 prophetoe
1055 1286 1124 1351 eius
1145 1287 1247 1369 apiri-

113 1386 204 1465 teies‚
219 1386 288 1450 uiri
302 1386 723 1467 manummerias
740 1388 810 1451 eius
823 1389 1044 1454 uutomiuaut
1059 1408 1090 1455 se
1104 1394 1134 1455 et
1146 1390 1248 1472 impie

72 1514 101 1552 ro
114 1494 227 1574 apuu.
248 1490 398 1555 domiuus
411 1493 517 1553 utrum
537 1489 642 1555 iuratus
664 1494 709 1554 est
728 1490 768 1554 iu
789 1490 889 1555 medio
910 1491 978 1557 eius
1006 1496 1036 1557 et
1064 1512 1128 1557 uou
1148 1494 1247 1575 faciet

114 1595 244 1658 iuiuste.

159 1696 322 1761 XXXVII.
347 1695 427 1760 cum
449 1695 527 1759 haec
549 1695 596 1760 ite
611 1712 646 1759 se
668 1696 806 1760 habeant
829 1696 861 1761 et
876 1696 965 1762 nobis
980 1697 1103 1763 licitum
1117 1700 1247 1765 minime
1275 1772 1278 1780 ¹

115 1799 160 1865 sit
181 1798 333 1863 iniustum
355 1797 493 1879 proferre
514 1797 678 1877 iudicium,
712 1798 856 1880 superest
887 1800 941 1863 aut
969 1818 1066 1865 unum
1091 1803 1125 1866 te
1146 1801 1247 1867 facias

116 1921 189 1968 esse
212 1920 249 1966 ex
272 1902 340 1965 eius
363 1900 464 1965 seruis
487 1900 521 1964 et
543 1899 647 1965 discas
669 1900 823 1965 iudicium
837 1900 974 1983 proferre
998 1904 1062 1982 aut,
1079 1905 1106 1969 si
1122 1924 1246 1988 semper

64 2007 171 2070 -rodei
192 2006 242 2070 uia
272 2022 342 2070 esse
369 2004 452 2067 inter
483 2003 690 2082 aduersarios,
725 2004 879 2069 iudicium
907 2006 998 2069 tuum
1025 2007 1110 2072 solus
1137 2026 1245 2091 prome

113 2110 277 2189 iniustum,
302 2106 411 2173 desine
433 2124 490 2171 nos
511 2124 626 2189 cogere
648 2105 754 2171 facere
777 2106 861 2189 quod
884 2106 952 2171 ficri
967 2125 1078 2175 cernas
1095 2109 1246 2176 diuinitus

114 2212 316 2295 prohibitum.
341 2209 449 2275 desine
476 2210 541 2273 iam
569 2210 730 2275 criminari
751 2210 961 2276 Athanasium
990 2212 1044 2276 uel
1072 2230 1128 2278 nos
1160 2214 1244 2295 quod

116 2316 268 2382 animnos
285 2314 336 2379 dei
352 2314 552 2378 destruamus
568 2314 706 2393 domum,
723 2314 849 2397 quando
863 2314 1006 2379 inuenies
1023 2314 1110 2397 apud
1121 2316 1245 2380 Zacha-

114 2421 197 2485 riam
224 2421 258 2484 te
288 2420 383 2502 atque
413 2418 619 2502 contyrannos
646 2418 719 2483 tuos
742 2435 812 2483 esse
836 2417 1020 2501 descriptos,
1055 2417 1245 2500 quodecim

74 2545 104 2584 eo
114 2525 212 2590 futuri
246 2524 358 2590 essetis
392 2523 445 2587 dei
477 2521 665 2587 heroffitetis
697 2522 916 2604 persecutores
948 2540 1023 2600 uos,
1058 2539 1136 2604 quoa
1168 2523 1246 2588 dicit

115 2645 212 2710 supra
232 2627 362 2692 modum
377 2626 469 2690 uobis
482 2642 652 2708 usurpasse
666 2625 867 2708 potestatam.
892 2623 1113 2692 crudelitatem
1129 2624 1246 2691 etenim

115 2748 246 2795 sanans
274 2729 414 2794 desuem
437 2727 515 2792 dicit
543 2726 703 2793 dominus:
736 2729 858 2794 retatus
885 2748 956 2793 suu
984 2728 1187 2797 Hierusalem
1215 2735 1246 2794 et

115 2835 198 2900 Sicu
219 2833 285 2899 reio
306 2852 434 2916 respuo.
456 2838 487 2897 ct
502 2833 556 2896 irc
569 2851 689 2916 mappa
704 2853 758 2916 epo
780 2834 904 2898 irascor
920 2851 1017 2915 super
1036 2836 1141 2916 peutes
1162 2853 1244 2914 quoe

114 2957 146 3003 se
169 2940 391 3020 areperpouuut
412 2936 510 3013 uotis,
527 2940 662 3016 propter
689 2938 773 3017 quod
795 2955 849 3020 epe
871 2936 978 3000 iratus
999 2955 1071 3000 curu
1093 2936 1243 3000 minime.

76 3057 102 3096 ae
116 3041 181 3122 ipsi
203 3045 309 3104 autem
331 3043 559 3121 conposuerunt
581 3057 614 3104 se
634 3040 672 3102 iu
685 3039 783 3104 moia.
809 3038 907 3102 audes
929 3039 1130 3103 tenebrarum
1153 3057 1244 3103 ama-

114 3144 164 3209 tor
199 3143 361 3207 execrator
397 3141 525 3206 luminis
563 3141 683 3205 dicore:
727 3141 878 3206 damnate
916 3142 1127 3225 iuuoceutem,
1167 3160 1241 3208 cum

116 3246 263 3330 dignetur
278 3244 460 3328 praecipere
475 3244 565 3310 nobis
580 3244 658 3309 deus
672 3262 728 3327 per
743 3243 929 3309 Zachariam
945 3240 1070 3310 docus:
1086 3245 1246 3310 iudicium

116 3351 236 3415 iusturu
267 3349 408 3414 iudicate
447 3353 476 3413 et
506 3349 655 3429 pietatem
683 3351 713 3413 et
739 3348 989 3413 misericordiam
1015 3348 1113 3431 facite
1141 3368 1243 3414 uuus·

116 3455 245 3537 quisque
268 3455 312 3518 ud
332 3453 469 3534 fratrem
490 3471 594 3517 suum.
618 3457 648 3518 et
668 3452 805 3516 πᾰᾱπαπ
827 3457 856 3517 et
877 3449 1059 3533 orpiouuru
1085 3456 1114 3516 et
1131 3472 1242 3534 prose·

77 3572 104 3612 oo
118 3558 217 3638 lpum
239 3562 267 3620 et
284 3575 462 3638 pauperem
484 3555 741 3638 perpotentiam
763 3555 862 3620 colite
883 3573 1001 3636 uocere,
1028 3558 1057 3618 et
1078 3554 1242 3620 molitiem

216 3796 328 3866 isoph.
346 3797 371 3860 3,
390 3797 459 3850 1-5
528 3795 562 3850 22
581 3794 657 3850 Zaoh.
679 3796 702 3858 1,
722 3795 762 3848 14.
783 3795 815 3847 15
884 3791 917 3847 27
936 3791 973 3849 ib.
992 3795 1016 3857 7,
1035 3794 1061 3850 9.
1083 3793 1116 3847 10

166 4006 183 4059 8
201 4003 427 4072 subreliquaerunt
452 4005 480 4071 (a
498 4003 530 4056 iu
547 4004 557 4056 i
575 4019 645 4058 corr.
664 4021 698 4057 m.
716 4004 744 4069 1)
849 4017 944 4085 manee
1059 4002 1075 4055 9
1093 4001 1130 4070 se]
1150 4003 1246 4055 sancta

116 4091 252 4146 Latinius
271 4094 297 4142 et
314 4088 402 4142 LXX
487 4086 583 4171 impiae
670 4090 700 4142 ll
719 4089 834 4142 iniustae
913 4088 945 4141 13
963 4091 1009 4144 aut
1027 4087 1137 4157 scripsi,
1156 4089 1246 4141 autem

121 4197 159 4250 π
228 4192 260 4246 ra
277 4192 348 4245 earm
365 4207 450 4246 ouo
518 4192 552 4246 π
570 4191 699 4262 perrupere
767 4162 932 4246 ruirooruum
1004 4191 1037 4244 ae
1055 4189 1175 4244 suanum

116 4280 270 4350 proselitum

1108 4379 1141 4432 9*
