3050 5000
283 288 304 354 8
772 282 924 338 Luciferi

284 493 383 555 meque
404 471 503 538 bibere
524 490 643 554 aquam
664 473 702 536 ia
723 470 780 536 hoc
803 470 880 554 loco,
907 471 1059 552 quomam
1080 471 1127 535 sic
1142 471 1311 552 praecepit
1333 467 1425 532 mitat

284 577 321 641 im
344 575 437 640 aerbo
459 575 608 640 dammas
629 575 755 640 diceas:
776 594 843 639 moa
864 574 1073 640 mandacabis
1088 593 1210 655 pamem
1231 572 1280 638 iot
1301 577 1333 638 et
1348 591 1423 636 mom

284 680 365 746 bibes
387 699 505 760 aqaam
526 679 572 743 tbi
594 681 624 742 et
644 697 709 742 aaa
730 678 900 743 reuerteris
920 677 997 744 tado
1011 697 1075 759 per
1097 678 1187 742 aiam
1208 697 1307 758 qaam
1323 675 1422 742 ieris.

284 787 313 846 ct
335 781 418 847 dicit
439 782 483 846 ad
504 801 592 847 cam:
613 785 644 845 ct
663 799 717 864 epo
734 779 900 862 prophetes
920 798 993 845 sam
1012 779 1110 844 sicat
1123 783 1154 844 et
1166 783 1212 858 ta,
1233 782 1264 844 ct
1278 777 1424 862 capetus

285 884 404 949 locatas
426 888 470 950 est
492 883 535 948 ad
557 903 605 947 me
626 882 664 946 m
686 882 779 948 aerbo
799 881 925 947 domimi
946 883 1071 948 diceas:
1096 882 1192 948 redac
1218 902 1290 958 eam
1317 881 1369 946 ad
1390 884 1424 944 te
1449 894 1462 933 ⁵

285 987 323 1050 m
351 986 477 1051 domam
505 989 611 1067 taam,
645 989 674 1050 et
702 985 870 1050 mandaret
894 1004 1014 1066 panem
1042 989 1071 1050 et
1098 985 1183 1050 bibat
1209 1005 1342 1066 accam.
1388 987 1425 1047 et

285 1089 434 1152 ammittas
449 1093 493 1154 est
509 1088 562 1154 ittc'
576 1092 606 1152 ct
619 1088 747 1154 rauca
761 1109 843 1169 eam,
866 1092 897 1154 et
909 1089 1122 1154 mandacam't
1130 1107 1252 1170 pamm
1267 1088 1307 1152 im
1321 1087 1422 1151 darno

285 1192 353 1256 etas
373 1196 402 1256 et
424 1191 500 1256 aaa
522 1211 651 1274 aemam,
673 1195 702 1256 et
722 1192 845 1271 factam
866 1196 910 1256 ast
931 1191 1106 1256 sedeatctm
1126 1191 1196 1256 aas
1210 1191 1253 1256 ad
1267 1209 1422 1254 memsam

286 1293 414 1358 corbam
436 1292 561 1359 dommi
583 1295 625 1358 ad
641 1294 948 1376 pseudoprophetam
964 1295 1021 1374 qm'
1035 1295 1163 1361 redaae't
1180 1315 1259 1374 eam,
1283 1296 1315 1357 et
1328 1292 1422 1356 dixit

286 1397 329 1462 ad
361 1396 519 1462 homiaem
551 1396 604 1462 dci
629 1397 684 1479 qai
716 1402 849 1462 mearat
883 1418 921 1464 ea
949 1397 1036 1463 Iada
1071 1397 1195 1464 dicem:
1228 1395 1305 1462 haec
1332 1395 1422 1460 dicit
1435 1411 1458 1449 1⁰

285 1500 433 1566 dammas
459 1503 594 1582 propter
626 1498 708 1583 qaod
741 1501 933 1566 exacerbasti
964 1499 1096 1566 aerbom
1126 1500 1250 1566 dommi
1282 1503 1312 1563 ct
1349 1518 1421 1562 moa

285 1602 450 1668 mstcdistc'
465 1607 669 1684 praeceptam
691 1603 775 1685 qaod
791 1605 956 1686 praecepa
978 1603 1036 1667 eat
1057 1603 1205 1669 demicus
1225 1602 1302 1694 deas
1327 1606 1418 1677 taas,

285 1707 315 1768 ct
335 1705 448 1770 redisti
469 1710 497 1770 et
520 1706 723 1772 manducasti
738 1725 861 1788 pamm
882 1711 911 1772 et
932 1707 1040 1772 didisti
1062 1725 1182 1788 apuam
1203 1706 1242 1770 ia
1264 1704 1322 1770 troc
1337 1705 1418 1783 leco,

286 1807 324 1872 de
345 1828 405 1889 qao
428 1809 549 1874 locatas
570 1812 615 1874 cst
638 1809 680 1872 ad
694 1813 722 1872 tc
737 1809 861 1877 dicem:
874 1828 941 1874 acc
955 1808 1166 1874 mandacabis
1175 1828 1297 1891 pamm
1313 1829 1419 1889 cepae

286 1910 368 1974 titos
390 1931 524 1992 aqaam,·
545 1910 614 1976 ideo
635 1931 700 1976 moa
722 1911 856 1976 merae
878 1931 993 1993 corpas
1013 1916 1104 1976 taam
1126 1912 1164 1974 ia
1178 1915 1419 1976 monumemtum
1434 1922 1457 1961 1⁵

282 2016 417 2094 pateam
440 2016 574 2078 moram.
618 2017 647 2078 et
668 2011 790 2095 factam
804 2018 863 2096 est,
883 2019 1051 2096 postquam
1064 2015 1276 2078 manducauit
1292 2033 1419 2094 panem

287 2121 317 2180 et
344 2116 418 2182 aaa
447 2137 574 2199 opacam
608 2122 636 2180 et
662 2122 846 2182 stramemmt
872 2119 902 2183 ei
929 2118 1059 2184 mmam
1085 2123 1114 2184 et
1140 2133 1285 2182 reuersas
1311 2120 1358 2180 ast
1388 2121 1418 2180 et

287 2219 375 2299 abiit,
397 2220 565 2286 etiaaem't
586 2240 657 2284 eam
673 2221 719 2286 teo
741 2221 779 2284 m
800 2221 860 2284 aia
881 2223 912 2286 et
932 2220 1049 2286 occidit
1069 2239 1150 2302 cam,
1173 2225 1202 2284 ct
1214 2221 1286 2284 erat
1299 2238 1417 2300 corpas

286 2323 353 2388 cias
369 2324 547 2404 proiectam
570 2324 606 2386 m
629 2323 698 2403 ato,
723 2323 867 2388 etcstaa
892 2323 997 2388 eata
1024 2325 1067 2390 ad
1087 2343 1159 2390 eum
1183 2326 1214 2387 et
1240 2321 1286 2387 teo
1307 2321 1417 2386 stabat

287 2425 330 2490 ad
352 2445 464 2509 cmpos
484 2426 598 2509 tpsc'as,
615 2430 644 2492 et
658 2429 815 2490 aemeramt
836 2427 905 2491 aim
919 2427 1064 2492 ciuitatis
1078 2426 1170 2492 illias
1183 2429 1213 2489 et
1227 2423 1325 2490 locati
1339 2429 1417 2488 sumt
1429 2437 1452 2475 sc

287 2530 326 2592 ia
351 2529 482 2593 ciuitate
509 2529 564 2593 cos
587 2529 755 2611 prophetes
781 2530 887 2595 senior
920 2528 1147 2594 habitabatis
1178 2527 1251 2607 itta,
1284 2530 1315 2592 et
1342 2546 1416 2592 cam

288 2630 452 2697 audissent
480 2632 537 2713 qai
557 2632 751 2698 reduxerant
778 2651 849 2697 eam
876 2631 915 2697 de
942 2632 1010 2709 aia,
1038 2632 1140 2696 dixit:
1171 2630 1222 2695 m'c
1251 2634 1299 2695 est
1323 2630 1416 2695 hemo

288 2733 338 2797 det
360 2734 417 2815 pat
437 2733 639 2799 caaemdam't
651 2734 781 2799 certam
794 2735 934 2814 damiam
955 2739 985 2799 et
1001 2734 1080 2800 atta
1102 2738 1130 2798 ct
1151 2735 1279 2799 tmacae't
1301 2752 1417 2814 corpas

289 2837 357 2901 cias
377 2836 556 2917 proiectam
584 2838 621 2901 im
642 2838 707 2903 m'a.
742 2839 895 2903 ctase‘rm
920 2843 949 2901 et
976 2839 1021 2903 leo
1049 2838 1153 2903 stabat
1179 2856 1274 2919 saper
1302 2856 1415 2917 corpas
1486 2917 1489 2926 Ι

288 2938 356 3003 ems
384 2942 414 3001 et
435 2938 481 3001 teo
501 2958 567 3004 aaa
589 2940 654 3003 edit
674 2959 787 3021 cmpos
818 2940 909 3005 titius
936 2960 1034 3021 aecae
1060 2940 1191 3006 c'csc'tm't
1216 2940 1254 3003 m
1275 2940 1414 3004 asmam.
1429 2957 1452 2997 a

289 3040 316 3105 si
350 3038 397 3105 illi
424 3041 483 3105 hoc
511 3042 783 3123 repraesentatum
811 3043 876 3122 est,
904 3062 961 3108 cur
987 3041 1213 3109 manducasset
1238 3058 1355 3123 panem
1381 3041 1417 3103 et

288 3142 397 3225 potum
420 3144 608 3225 sumpsisset
631 3162 731 3226 aquae
752 3144 785 3209 iu
806 3144 878 3210 loeo
892 3143 1021 3228 profano
1045 3145 1129 3227 apud
1145 3143 1287 3210 homiues
1304 3142 1413 3207 alieui-

288 3263 396 3327 genas,
431 3246 507 3328 quid
533 3246 623 3312 uobis
651 3247 920 3329 repraesentatum
947 3247 1075 3326 fuisset,
1109 3246 1137 3313 si
1162 3247 1285 3324 tecum,
1320 3264 1415 3328 quem

289 3346 407 3412 scimus
429 3348 634 3426 haereticum,
658 3367 751 3431 quem
773 3348 918 3415 nouimus
947 3367 1017 3415 esse
1038 3349 1222 3431 negatorem
1249 3347 1335 3412 unici
1356 3346 1414 3409 filii

291 3448 352 3527 dei,
385 3448 422 3511 ut
458 3449 670 3529 desiderabas,
704 3451 941 3533 copulassemus
974 3450 1144 3529 amicitias,
1189 3451 1216 3515 si
1248 3450 1450 3515 uobiscumec

289 3549 431 3616 Arrianis
451 3570 577 3633 precem
599 3551 805 3632 fudissemus,
829 3554 856 3619 si
883 3554 1017 3636 denique
1048 3554 1135 3635 passi
1157 3571 1213 3618 uos
1245 3552 1413 3618 fuissemus

291 3653 395 3718 emnia
428 3672 508 3736 quae
543 3655 738 3721 celebramus
767 3656 885 3721 domini
913 3656 1094 3721 sacerdotes
1122 3675 1194 3721 cum
1222 3655 1410 3738 pseudoepi-

291 3756 394 3838 scopis
417 3754 556 3822 Arrianis
578 3756 643 3823 tuis
670 3758 853 3823 celebrare?
875 3758 1006 3843 interea
1035 3760 1080 3824 sic
1107 3760 1141 3823 te
1168 3759 1266 3824 fiusse
1294 3757 1336 3822 ad
1357 3775 1411 3821 uos

290 3858 593 3927 cirumscribeudos
614 3860 790 3938 inmissum,
821 3862 856 3926 ut
884 3862 925 3926 ad
945 3861 1037 3927 illum
1061 3861 1112 3926 dei
1134 3862 1292 3927 homiuem
1320 3858 1411 3924 tuerit

341 4042 508 4114 tprcphctis
578 4046 679 4099 acute
753 4045 881 4101 drudus*
903 4050 927 4116 (e
944 4048 1028 4114 crae.)
1105 4045 1137 4099 17
1155 4046 1181 4099 ei
1197 4061 1220 4101 s.
1239 4045 1255 4099 t.
1275 4049 1348 4101 m2

289 4132 323 4184 26
342 4132 550 4199 representatum
574 4135 600 4199 (e
614 4147 669 4200 pro
687 4147 718 4185 ae
736 4136 769 4185 a'm
785 4132 839 4187 dac
861 4147 928 4186 mace
947 4132 1120 4201 pleramque)
1226 4132 1260 4183 27
1279 4132 1410 4184 sumsisset
1508 4201 1509 4210 ἵ

290 4222 358 4271 mi
428 4218 492 4284 aput
560 4215 592 4269 31
611 4217 683 4285 passi
701 4218 812 4287 scripsi,
830 4232 922 4287 passos
944 4218 983 4272 Vc
1052 4216 1086 4270 32
1103 4216 1283 4271 caelebramus
1353 4230 1356 4235 ·
