3050 5000
322 332 385 397 110
809 327 960 384 Luciferi

320 521 498 602 interficitis
519 521 712 586 uniuersos?
733 522 841 598 timor,
862 519 965 602 inqnit
988 519 1145 596 Salomon,
1169 518 1301 584 damini
1326 517 1461 580 initian

318 641 446 703 sensns;
468 625 659 704 sapientiam
679 629 786 689 autem
807 628 836 688 at
849 624 1056 705 disciplinam
1071 624 1167 705 impii
1181 625 1360 704 spernam.
1385 620 1454 684 hine

320 726 520 808 disciplinam
544 729 576 790 et
597 728 784 809 sapientiam
808 727 938 810 spernis,
973 728 1048 810 qnia
1077 727 1120 792 sis
1150 727 1219 792 sine
1250 725 1307 789 dei
1339 724 1462 788 timore¹

320 831 393 895 hine
416 831 532 913 impius
549 850 619 896 esse
635 832 733 896 saeris
750 831 938 896 describeris
952 831 1078 910 litteris,
1101 832 1217 914 impius
1235 830 1371 912 utique,
1397 830 1464 910 qnia

321 954 383 1000 non
406 934 510 1000 solum
531 935 600 1017 ipse
623 935 800 1001 deserueris
824 935 928 1011 deum,
964 935 1020 1000 sed
1050 935 1082 999 et
1111 934 1253 1000 colentes
1277 933 1383 998 illum
1405 934 1486 996 tam⁵

322 1039 438 1104 infeste
461 1038 669 1122 persequaris.
704 1057 764 1102 uae
787 1039 855 1116 tibi,
879 1039 954 1120 qaia
968 1057 1040 1101 eum
1055 1038 1119 1102 illis
1143 1056 1213 1103 esse
1228 1035 1408 1112 inueniris,
1432 1035 1463 1098 de

323 1144 438 1226 quibus
464 1143 497 1208 in
519 1141 699 1207 Prouerbiis
720 1142 809 1224 lego:
842 1142 901 1224 fili,
931 1143 998 1206 nati
1026 1145 1054 1207 te
1080 1142 1235 1208 sedneont
1263 1140 1345 1203 airi
1378 1140 1464 1218 impii

322 1267 421 1329 nepae
442 1247 533 1331 neiis,
554 1247 586 1312 ei
607 1251 636 1310 te
656 1247 843 1328 reponerint
857 1247 1009 1312 amnas.-
1030 1245 1114 1328 aeni,
1138 1244 1352 1310 ammanim
1370 1244 1464 1307 nobes-

321 1371 395 1415 enm
415 1350 616 1433 sanquinem,
638 1349 869 1414 abscondamus
897 1353 1004 1414 anam
1030 1349 1069 1414 in
1090 1353 1178 1414 ter-ra
1199 1350 1321 1413 airam
1347 1348 1464 1410 instans

321 1455 448 1538 iniuste,
477 1452 690 1534 deptntiarnns
716 1455 821 1516 anam
843 1451 946 1531 iiiam,
975 1452 1064 1516 aetat
1084 1451 1183 1531 inferi
1203 1452 1343 1516 ninam.
1397 1451 1487 1534 quido

320 1557 355 1622 te
375 1557 580 1622 Atrianorum
602 1555 792 1620 Iudaeorum
813 1555 1009 1620 imitatorum
1024 1555 1253 1632 doleetanerat‚
1282 1554 1463 1628 Constanti,

322 1659 359 1724 ut
373 1661 431 1724 hes
445 1660 573 1725 illoram
587 1659 700 1741 impias
715 1658 847 1724 audiens
862 1677 959 1725 noees
976 1658 1017 1722 ad
1028 1658 1252 1724 effundendum
1268 1660 1464 1742 sanguinem

324 1764 377 1830 dei
399 1783 564 1830 seruorum
586 1762 702 1828 fuisses
718 1763 848 1828 eosdem
864 1764 1016 1828 senatus?
1039 1782 1094 1828 eur
1109 1783 1170 1828 non
1185 1763 1331 1828 consilia
1349 1761 1464 1828 audisti

324 1867 502 1934 Salomonis
526 1866 660 1931 dieentie
681 1866 761 1932 tibi?
795 1888 834 1932 ne
848 1868 966 1932 abieris
979 1869 1054 1934 nias
1068 1889 1140 1934 eam
1155 1867 1232 1953 iliis,
1256 1887 1303 1932 ae
1319 1868 1463 1933 deelina-

323 1972 410 2037 neris
427 1971 539 2052 pedem
559 1975 650 2036 taam
671 1969 716 2035 ad
736 1973 866 2036 minitas
886 1991 1001 2036 mnam.
1046 1992 1115 2038 nan
1138 1973 1223 2038 enim
1255 1972 1381 2054 inique
1405 1976 1485 2036 ten-s

323 2075 445 2138 dnntm
466 2075 550 2140 retia
570 2074 695 2140 amam.
738 2075 805 2156 ipsi
826 2076 911 2140 enirn
933 2077 989 2156 ani
1011 2075 1176 2140 homicidii
1184 2075 1381 2157 participes
1397 2079 1463 2138 sarit

323 2177 543 2245 thesaurisant
555 2178 680 2242 sibimet
692 2177 774 2258 ipsis
794 2177 894 2244 mata.
938 2177 999 2244 bae
1019 2183 1096 2244 sant
1115 2180 1190 2243 niae
1212 2179 1371 2242 omniane
1396 2197 1460 2241 eon·

322 2282 553 2348 sammantiano
591 2281 709 2362 inioaa
719 2300 732 2360 ;
766 2300 829 2345 ¹saa
861 2283 947 2346 enirn
984 2282 1147 2363 impietate
1178 2301 1273 2346 snam
1313 2281 1458 2346 animan

323 2384 484 2466 auferant,
509 2385 541 2447 et
561 2383 691 2448 iterum:
713 2387 832 2465 panto
848 2389 980 2466 termam
994 2387 1173 2452 innoeentes
1189 2385 1363 2449 tenanint
1374 2384 1456 2448 insti

323 2489 414 2567 tiam,
426 2509 492 2552 non
507 2488 703 2568 enebesaent;
717 2487 906 2570 insipientes
920 2493 1025 2555 antem
1036 2489 1113 2555 mm
1123 2490 1340 2555 eanbenoeiiae
1353 2487 1478 2571 sapidis

323 2596 409 2670 sant,
443 2592 539 2673 impii
566 2590 647 2671 faeti
672 2590 806 2656 oderant
833 2591 1032 2673 intellectam,
1067 2596 1097 2656 et
1121 2593 1252 2659 sabieati
1273 2593 1367 2673 faeti
1389 2596 1456 2655 sant

325 2693 509 2775 obprobriis.
552 2693 589 2757 tu
615 2693 683 2771 tibi,
714 2694 889 2773 Constanti,
918 2696 996 2761 haee
1026 2695 1178 2778 quaesisti
1207 2697 1401 2777 obprobria,
1427 2700 1455 2760 tn

325 2797 428 2862 temet
461 2796 628 2874 damnasti,
663 2797 717 2879 qui
749 2798 920 2879 praesepta
952 2800 1155 2865 contemnens
1189 2800 1240 2864 dei
1274 2801 1454 2866 maledictis

327 2900 519 2966 Indaeorum
543 2898 706 2982 diseipmis
728 2900 858 2965 haerere
881 2902 1041 2967 oensueris
1064 2901 1214 2981 Arrianis,
1244 2922 1322 2967 eum
1347 2905 1454 2987 quibus

328 3003 422 3087 digne
445 3004 548 3069 adhue
569 3003 648 3067 haee
672 3003 779 3067 audis:
803 3025 881 3069 nam
895 3007 1047 3087 maniam
1062 3007 1222 3089 aoeabam,
1245 3028 1305 3072 nae
1322 3008 1478 3073 abactae

325 3110 417 3193 batis,
440 3112 471 3172 et
490 3108 692 3173 extendebam
711 3107 818 3187 aerbo,
841 3129 897 3175 nee
920 3109 1144 3175 attendebatis.
1169 3110 1222 3177 sed
1237 3112 1347 3175 inrita
1362 3113 1455 3193 faeie

326 3213 408 3277 batis
422 3232 493 3277 mea
505 3212 650 3289 oonsilio,
665 3212 744 3275 meis
753 3216 860 3277 onam
872 3213 1145 3295 increpationibus
1155 3233 1220 3279 non
1231 3214 1453 3281 intendebatis.

327 3316 433 3397 itaque
455 3318 487 3380 et
507 3336 560 3399 epa
581 3320 689 3381 nestra
704 3315 886 3398 perditione
908 3316 1029 3394 rideba;
1057 3316 1243 3401 protestator
1266 3322 1379 3383 antem
1402 3319 1454 3382 od·

326 3438 437 3484 nerins
458 3439 525 3497 nos,
547 3439 619 3483 eam
640 3421 768 3485 aenerit
787 3420 876 3485 nobis
897 3422 998 3488 sabito
1019 3421 1183 3507 samana,
1207 3422 1331 3487 euersio
1355 3427 1454 3487 nabar

326 3520 445 3585 similis
460 3523 630 3606 praealtae,
654 3543 726 3588 enm
746 3523 916 3589 adaenerit
942 3529 1046 3591 anam
1073 3526 1162 3591 nabis
1191 3527 1356 3591 interibis.
1402 3527 1479 3591 eries

430 3656 617 3721 lPron.1,'i
687 3658 757 3711 tib.
778 3659 802 3723 1,
822 3660 924 3714 10-12
1001 3660 1087 3716 1411).
1105 3663 1130 3725 1,
1149 3661 1251 3715 15-19
1330 3663 1365 3716 19
1383 3662 1419 3716 ib.
1436 3662 1454 3728 1,

326 3744 368 3798 22.
387 3744 421 3798 23
489 3744 522 3798 25
539 3744 576 3799 ib.
595 3745 619 3810 1,
637 3744 739 3799 24-32

379 3864 395 3916 5
414 3866 442 3916 et
461 3864 505 3933 qni
522 3864 638 3917 solentes
655 3882 672 3919 a
775 3866 791 3920 6
809 3868 941 3921 inueniree
959 3886 993 3922 en.
1011 3874 1027 3923 1
1132 3868 1146 3920 7
1163 3866 1303 3936 prouerbis
1322 3875 1393 3923 m.1

328 3951 411 4005 nolite
433 3951 464 4014 V,
483 3966 536 4003 non
553 3952 581 4003 te
602 3952 629 4005 V
643 3968 679 4004 ne.
696 3968 749 4007 ree.
768 3958 827 4007 eto
918 3954 1017 4009 8uelis
1038 3956 1065 4009 V
1079 3960 1105 4008 et
1123 3953 1219 4021 LXX,
1238 3954 1291 4008 sed
1311 3956 1453 4024 aequieseas

330 4040 357 4094 V
371 4055 394 4093 s.
412 4038 429 4092 i.
446 4055 482 4090 m.
498 4053 551 4091 ree.
570 4042 596 4090 et
614 4054 630 4090 o
700 4037 733 4090 14
750 4038 898 4125 nebsbieris
915 4043 945 4106 V,
970 4057 1018 4095 nea
1036 4040 1132 4095 abieris
1149 4056 1165 4093 o
1243 4039 1279 4095 15
1297 4040 1396 4109 pedum

328 4142 360 4196 16
379 4141 462 4225 retiae
532 4140 564 4193 19
584 4106 687 4224 quando
707 4144 789 4208 (corr.
808 4146 901 4211 m.1)'
954 4142 987 4197 23
1005 4145 1191 4211 eontempnens
1265 4142 1302 4195 25
1321 4109 1454 4197 annucio

326 4260 397 4328 (Νη.
410 4262 474 4327 ree.)
552 4260 586 4315 28
603 4232 691 4352 nostr}
709 4268 728 4327 (¹
746 4280 781 4319 ne.
799 4264 865 4330 ree.)
