3050 5000
516 381 558 434 Dc
575 379 680 448 regibus
698 379 860 449 apostaticis.
1202 379 1247 462 59,

126 591 199 656 ergo
214 572 250 636 tu
265 591 337 637 cum
354 571 443 650 dicis,
462 570 829 649 comminuamus
843 585 908 633 uon
924 570 1013 634 credo
1025 567 1118 634 deum
1133 587 1247 632 uerum
1298 551 1364 674 [V

122 676 234 740 labere
253 675 369 757 filium,
392 695 458 740 non
479 675 569 740 credo
590 694 691 738 unum
710 674 886 754 potentium
895 673 1004 754 putris
1025 675 1053 736 et
1073 672 1147 759 filii,
1171 689 1244 736 cum

125 779 204 844 dicis
219 778 320 844 filium
334 777 522 854 creaturam,
538 775 658 841 factum
668 777 760 840 illum
777 795 814 840 er
828 775 935 853 nihilo,
952 794 1024 840 cum
1041 775 1120 840 dicis
1134 774 1248 852 inissa

124 881 249 966 quando
270 901 332 946 non
353 882 457 961 fuerit,
492 881 606 946 melius
634 882 668 945 tu
699 880 860 946 sacrificas
891 879 1026 946 diabolo·
1046 896 1139 962 quam
1168 879 1248 950 tunc.

92 986 298 1064 ‘Manassen
333 986 456 1069 quando
489 984 571 1050 filios
595 1004 667 1049 suos
699 985 753 1048 aut
780 1003 835 1066 per
863 984 969 1066 ignem
999 983 1141 1048 omnibus
1171 999 1244 1045 con-

124 1090 271 1155 secrabat
294 1089 467 1154 daemoniis
491 1089 546 1153 aut
567 1107 640 1152 cum
663 1088 894 1154 concremabat.

165 1194 204 1258 X.
227 1192 326 1257 Doleo
348 1191 417 1270 tibi,
438 1192 618 1274 imperator,
645 1191 739 1278 <cur>
763 1211 837 1257 cum
854 1193 961 1257 tantae
985 1191 1028 1256 sis
1045 1188 1246 1272 insipientiae

125 1296 251 1361 etcum
274 1295 317 1359 sis
338 1295 429 1358 tanta
450 1294 569 1359 iaciens
590 1295 684 1373 mala,
710 1295 848 1377 digneris
862 1296 970 1360 tamen
989 1294 1109 1358 dicere:
1133 1293 1161 1356 si
1177 1311 1245 1356 non

123 1401 196 1465 tene
212 1399 358 1481 facerem,
386 1419 453 1462 non
480 1397 584 1463 adhuc
613 1399 766 1480 inoreyno
789 1419 903 1478 esscm;
931 1400 999 1462 iam
1022 1417 1068 1460 me
1090 1396 1167 1460 deus
1190 1415 1246 1458 eu-

78 1507 109 1547 1⁰
125 1501 279 1566 timuisset.
304 1521 365 1566 non
388 1502 543 1584 conspicis
565 1502 663 1566 istum
684 1502 866 1566 Manassem
892 1501 924 1564 in
954 1499 1121 1581 sacrilegio
1151 1498 1191 1563 et
1212 1497 1251 1566 in.

124 1605 313 1675 crudelitate
327 1605 386 1670 tibi
397 1606 652 1687 comparandum,
669 1606 753 1687 qnod
765 1604 991 1687 quinquaginta
1008 1603 1128 1684 septem
1146 1600 1244 1676 annis,

123 1709 161 1772 ut
182 1728 276 1790 saepe
301 1708 374 1786 dixi,
402 1726 535 1790 regnum
564 1708 702 1772 tenuerit
730 1708 763 1772 in
792 1708 933 1772 Iudaea?
977 1707 1027 1771 hic
1060 1706 1168 1786 utique
1192 1703 1245 1786 qui

122 1812 235 1877 fecerit
257 1811 472 1892 derelinquere
494 1811 644 1892 populum
666 1812 760 1876 deum
784 1811 815 1874 et
838 1811 955 1876 seruire
977 1809 1083 1887 idolis,
1104 1809 1154 1874 hic
1178 1807 1246 1870 uti-

125 1933 186 1997 que
210 1913 315 1997 quiin
337 1914 455 1995 templo
479 1913 596 1993 domini
626 1914 658 1977 et
686 1915 717 1978 in
742 1914 872 1981 aedibus
904 1914 953 1979 dci
983 1913 1153 1978 simulacra
1176 1911 1251 1975 col-·

83 2018 287 2096 1⁶locauorit‚
324 2019 377 2102 qui
412 2017 538 2082 domum
572 2018 639 2095 dei,
673 2019 726 2100 qui
760 2018 932 2083 sacrarium
968 2016 1034 2082 eius
1067 2014 1227 2080 maiestati

124 2121 281 2186 idolomm
304 2121 415 2186 lecerit
437 2120 619 2184 sacrarium.
644 2121 689 2185 sic
707 2120 739 2185 et
752 2121 785 2184 te
801 2120 919 2201 patitur
936 2120 1024 2197 deus,
1049 2118 1093 2183 sic·
1110 2117 1249 2182 sustinet

126 2225 230 2307 quoad
252 2244 351 2307 usque
375 2223 407 2287 et
429 2223 583 2288 familiam
606 2224 717 2305 probet
746 2242 836 2287 suam
865 2223 897 2286 et
925 2221 1035 2304 dignos
1064 2219 1192 2286 coronet
1215 2220 1248 2304 et

124 2327 269 2410 indignos
284 2327 401 2404 tecum,
417 2327 477 2391 nisi
495 2327 527 2390 te
544 2327 726 2404 correxeris,
744 2328 784 2392 ad
802 2327 960 2391 aeternam
975 2325 1084 2407 puniat
1101 2342 1244 2406 poenam.

125 2432 266 2496 cetsmm
288 2432 383 2496 crede
401 2429 485 2513 quod
506 2430 605 2513 possit
628 2430 673 2494 sio
698 2431 730 2494 et
751 2430 826 2494 tunc
849 2430 1031 2494 Manassem
1055 2427 1087 2513 et
1108 2445 1187 2493 nunc
1212 2426 1249 2490 to,

84 2534 156 2599 nin
179 2555 239 2601 uno
264 2535 367 2600 atomo
391 2534 587 2617 exstinguere
610 2534 782 2612 oculorum,
807 2533 863 2598 sod
878 2533 988 2615 parcit,
1013 2552 1074 2596 non
1095 2530 1251 2613 quianon

124 2639 233 2721 possit,
258 2638 314 2703 sod
337 2638 411 2720 quia
433 2637 562 2720 dignum
590 2636 631 2701 sit
660 2636 692 2701 et
722 2636 789 2701 eius
812 2636 954 2701 coronari
977 2635 1114 2699 cultores
1136 2633 1248 2700 contra

125 2742 266 2806 uestram
292 2740 454 2805 manentes
483 2739 704 2804 crudelitatem
733 2738 911 2804 immobiles
947 2739 979 2803 et
1012 2756 1070 2803 uos
1100 2736 1246 2801 inimicos

127 2844 194 2909 eius
210 2843 405 2921 clementiae,
430 2842 552 2907 situlos
568 2842 603 2905 ut
620 2841 695 2906 estis
712 2842 824 2907 durare
843 2842 1038 2919 censueritis,
1056 2840 1095 2904 ad
1113 2858 1246 2923 poenam

126 2947 255 3014 damnet
289 2946 518 3029 sempiternam.
563 2946 599 3009 tu
633 2950 669 3009 ut
702 2946 806 3011 dicas:
841 2948 871 3011 si
904 2966 968 3010 non
1002 2946 1076 3011 bene
1109 2965 1245 3027 aceram,

84 3059 112 3101 ²⁵
125 3073 301 3133 numquam
322 3052 427 3116 adhuc
447 3053 645 3132 imperarem,
667 3050 788 3116 faciunt
809 3050 857 3113 illi
880 3050 932 3132 qui
954 3050 986 3113 te
1012 3048 1169 3114 errantem
1186 3065 1246 3111 non

126 3155 229 3219 solum
250 3154 364 3237 corrigi
386 3153 504 3231 nolunt,
529 3153 585 3219 sed
607 3154 643 3217 ut
666 3155 698 3217 et
719 3171 830 3235 pereas
852 3152 1014 3235 inpellunt.
1038 3170 1099 3216 non
1114 3151 1246 3224 mirum3

127 3258 279 3339 scriptum
301 3257 351 3326 est
373 3257 455 3320 enim
479 3257 511 3321 et
530 3256 563 3320 te
588 3256 619 3320 et
641 3256 712 3321 illos
734 3256 816 3321 talos
839 3255 975 3324 futuros:
1000 3256 1153 3319 laudatur
1169 3273 1246 3334 pec-

127 3366 216 3425 rotor
228 3362 265 3425 in
279 3360 444 3425 desideriis
459 3362 587 3425 animae
603 3380 689 3437 succ,
705 3364 735 3423 ei
748 3360 805 3440 qui
816 3360 930 3440 iniqua
943 3359 1025 3441 cerii
1039 3358 1243 3422 benedicetur.

127 3465 327 3529 caucerbauii
349 3465 513 3530 dominnm
529 3469 685 3548 peccator,
714 3464 885 3529 secundum
912 3462 1149 3527 multitudinem
1178 3462 1252 3527 irae

87 3580 114 3621 ³0
127 3587 203 3631 succ
224 3588 289 3631 non
305 3568 463 3649 inanium
484 3588 550 3633 uon
572 3571 618 3631 est
632 3568 707 3633 deus
728 3568 766 3631 in
782 3570 944 3648 conspectu
959 3566 1034 3641 eius,
1058 3565 1249 3645 inquinatae

127 3674 205 3735 sunt
224 3672 297 3735 uiae
318 3672 385 3735 cius
407 3671 443 3735 in
465 3671 553 3734 omni
574 3674 724 3751 tempora·
758 3669 951 3750 auferuntur
981 3668 1105 3732 indicia
1134 3668 1199 3730 eins
1228 3685 1253 3727 u,

138 3983 144 3992 „
230 3909 264 3962 er
282 3910 327 3964 ns.
345 3910 370 3972 o,
389 3908 491 3962 ar-ne
511 3909 562 3978 (ro,
581 3908 659 3976 a-s)

178 4134 280 4202 coum]
299 4150 317 4203 p
336 4134 401 4187 aaa.
424 4134 450 4187 r
522 4134 601 4185 nour
617 4132 721 4185 aaaron
791 4130 992 4184 cenomanen
1063 4130 1094 4181 ro
1111 4090 1254 4181 snoreounss

126 4218 286 4287 totco5cf.
305 4221 403 4285 58,12
481 4217 513 4270 12
531 4216 610 4270 iudea
690 4217 723 4269 13
741 4217 890 4285 delinquere
908 4215 1030 4284 populum
1048 4213 1180 4267 dominic
1252 4246 1254 4253 ι

128 4304 161 4357 17
181 4305 209 4357 et
226 4306 301 4373 (anie
318 4302 453 4370 familiam)
473 4319 523 4357 om.
541 4320 557 4357 c
626 4302 656 4355 31
678 4302 830 4356 auferantur
848 4320 862 4355 v
