3050 5000
307 360 371 425 202
798 358 947 417 Luciferi

306 552 397 614 amm
424 553 454 613 et
478 549 742 630 circumferamur
768 550 856 615 emat
883 553 976 615 seso
1007 547 1188 629 maus,
1223 545 1265 610 iss
1297 543 1444 625 mutio

306 652 481 736 irminam,
504 653 542 716 ιἰι
564 653 687 717 astutia
708 652 752 717 ud
773 653 946 719 remedium
969 652 1096 717 erroris.
1133 650 1318 715 unitatem
1341 651 1443 713 autem

305 753 459 833 furentes
487 756 525 821 iss
552 757 685 822 oaritote
712 774 888 821 meamus
915 756 953 820 irs
980 754 1038 821 atto
1063 774 1122 837 per
1149 754 1282 830 mia,
1321 752 1383 832 qus?
1405 756 1442 815 est

236 938 241 950 .
304 862 401 938 capot
424 858 577 925 Christro.
600 858 756 941 quomodo
777 877 940 941 possemus
962 876 1104 925 creseere
1126 857 1160 925 iu
1181 856 1252 933 illo,
1280 854 1310 919 si
1335 853 1372 919 te
1395 870 1441 917 se

306 959 372 1025 euti
392 960 557 1026 tenebram
577 960 757 1040 fuissemus,
787 980 859 1027 oum
882 962 925 1027 sis
948 980 1066 1045 negans
1087 961 1177 1027 illum
1200 977 1327 1025 uerum
1352 956 1442 1021 mum
1460 984 1468 1025 ι

307 1080 387 1141 esse,
422 1082 496 1129 eum
518 1064 606 1131 dieas
633 1064 724 1130 iilum
751 1082 812 1130 non
835 1065 943 1131 natum
972 1064 1011 1131 ds
1034 1063 1212 1131 substantia
1234 1060 1360 1145 patris,
1391 1059 1440 1124 sed

306 1165 428 1231 astruas
448 1166 569 1231 fartum
591 1186 629 1233 er
650 1166 771 1234 nihilo?
815 1168 971 1250 quomodo
999 1168 1202 1250 potueramus
1232 1182 1394 1233 erescere
1413 1163 1439 1227 in

305 1268 358 1333 illo
388 1269 441 1351 qui
468 1288 529 1337 uon
558 1270 748 1335 ambulaturi
772 1290 896 1337 eremus
918 1273 950 1336 in
971 1272 1119 1349 ueritate,
1148 1290 1186 1336 ex
1209 1288 1278 1353 quo
1303 1269 1341 1333 te
1365 1267 1438 1331 fisis-

305 1388 409 1439 eemus
433 1374 612 1455 apostatam
634 1374 758 1441 secuti?
802 1374 915 1441 deinde
938 1394 1009 1439 oum
1033 1375 1134 1440 dieat:
1156 1375 1341 1441 ueritatem
1364 1372 1438 1453 fuet

304 1479 388 1541 entes
409 1495 585 1542 mammas
603 1478 643 1542 iss
655 1478 798 1561 ωιᾶιιι,
822 1479 853 1542 et
868 1478 910 1543 sit
923 1478 1127 1544 manifestum
1140 1476 1339 1543 criminibus
1354 1474 1438 1541 ans
1448 1500 1463 1538 n

301 1577 436 1660 petitum
459 1578 511 1644 dei
532 1580 730 1646 saeerdotem
750 1600 808 1663 per
821 1582 854 1647 te
870 1599 907 1645 se
921 1582 995 1648 tuos
1009 1580 1230 1658 Athanasium,
1253 1580 1286 1645 si
1303 1598 1348 1645 ea
1363 1597 1437 1660 quas

302 1680 440 1762 imperas
461 1681 657 1760 fecissemus,
691 1684 848 1766 quomodo
876 1685 932 1749 aut
951 1685 984 1749 iu
1007 1683 1141 1750 ueritate
1163 1684 1220 1749 aut
1241 1682 1279 1747 in
1304 1682 1436 1747 caritate

302 1800 430 1849 ourrere
462 1785 623 1867 conspecti
650 1785 820 1859 fuissemus
848 1786 903 1869 qui
931 1787 963 1852 et
990 1786 1157 1851 caritatem
1186 1785 1436 1851 extinxissemus

303 1904 398 1967 quam
418 1887 561 1953 tenemus
576 1907 649 1954 oum
663 1889 849 1972 eoepiseopo
865 1891 970 1957 nostro
987 1888 1184 1955 Athanasio?
1206 1889 1242 1953 et
1257 1888 1344 1971 quia
1362 1886 1435 1953 falso

301 1992 567 2071 temperassemus
589 1992 722 2070 urimini,
747 1992 861 2074 stipsi
882 1992 941 2057 tibi
956 1991 1087 2057 fallari
1078 2012 1110 2056 m
1126 1991 1312 2057 innoeentis
1329 2009 1460 2057 ueoemr

302 2093 401 2157 iuneti
423 2094 531 2159 tecum
551 2113 745 2159 mereremur
768 2093 876 2159 diuina
896 2094 1110 2178 indignatione
1124 2094 1259 2176 percuti
1286 2093 1337 2159 sie
1355 2111 1433 2177 ergo

303 2194 476 2273 Constanti
500 2195 687 2261 aedificatur
709 2196 821 2262 domus
845 2197 897 2261 riei
916 2215 973 2279 per
994 2196 1163 2275 fallaciam,
1186 2215 1245 2279 por
1268 2196 1433 2279 sanguinis

299 2298 513 2363 innocentium
535 2298 700 2375 fusionem
723 2317 779 2381 per
801 2298 1067 2381 praedicationem
1089 2298 1341 2381 blasphemam?
1381 2316 1432 2363 use

299 2400 358 2465 tibi
381 2400 435 2482 qui
457 2400 499 2465 sd
521 2402 578 2465 boo
602 2401 646 2466 sis
667 2400 790 2478 uiuens,
814 2402 850 2465 ut
871 2402 949 2467 baso
972 2402 1088 2471 ennete
1108 2401 1195 2466 mala
1216 2420 1276 2484 per
1292 2403 1331 2467 te
1346 2403 1432 2485 gerat

301 2503 455 2570 diabolus.
1440 2530 1456 2568 n

341 2606 458 2672 XXXI.
489 2606 538 2671 Tu
559 2605 637 2671 mihi
659 2606 756 2671 dioisr
785 2608 872 2689 puni
899 2609 1105 2690 semesum,
1126 2608 1317 2690 danim
1339 2610 1431 2691 fides

299 2709 490 2775 catholicam
511 2713 605 2791 utque
625 2710 749 2791 suropo
776 2729 901 2776 semna
923 2709 1064 2777 Ῑιαινεείε
1085 2731 1181 2794 meas,
1212 2712 1247 2776 et
1277 2713 1334 2778 est
1357 2731 1429 2796 apo·

301 2810 402 2877 stolus
425 2810 548 2877 tieem:
570 2811 627 2878 boe
647 2812 757 2894 itaque
778 2813 848 2878 diro
870 2817 901 2878 et
922 2814 1071 2896 testificor
1090 2815 1129 2879 io
1149 2815 1289 2894 domim,
1314 2821 1353 2880 ret
1370 2835 1429 2881 aros

300 2913 443 2996 usipetes
463 2914 641 2994 ambuletis
662 2916 747 2980 siout
768 2919 798 2980 er
817 2919 923 3000 pentes
944 2917 1112 2984 moutam
1125 2917 1162 2984 is
1176 2921 1333 2984 sumitate
1345 2937 1429 2983 m

298 3018 447 3098 tissone,
469 3018 878 3104 absumisabsumis,
903 3019 1039 3086 uliano
1054 3040 1076 3084 u
1089 3021 1162 3086 otta
1175 3021 1238 3099 esi,
1256 3041 1326 3103 per
1339 3023 1455 3106 ipsos

296 3121 442 3188 rontium
462 3141 543 3204 quea
564 3126 610 3188 est
628 3123 667 3187 ιἰι
687 3121 769 3208 illis,
787 3127 922 3204 propter
941 3125 1123 3190 saeuum
1143 3124 1249 3190 mosis
1270 3125 1427 3205 ipsorum

298 3223 351 3286 oui
372 3224 539 3290 oboediam
560 3225 723 3291 nestum?
758 3224 857 3292 tibine
881 3244 920 3292 an
943 3225 1107 3308 apostolor
1138 3225 1236 3292 tibine
1261 3227 1427 3308 apostatae

298 3325 452 3408 ssnrssego
481 3345 521 3392 an
547 3327 597 3394 illi
623 3327 679 3410 qui
704 3326 770 3394 iam
800 3327 919 3396 budisse
942 3327 1125 3412 sanguinem
1147 3327 1275 3412 pmpter
1297 3329 1426 3396 unieum

299 3426 350 3490 dei
370 3427 549 3497 inueniatur
570 3428 694 3498 filium?
725 3447 822 3512 quem
843 3429 984 3498 ossuum
1007 3434 1142 3514 sequar?
1173 3431 1248 3498 tene
1269 3431 1425 3515 ternplum

298 3529 487 3599 doemonum
510 3549 548 3596 an
568 3531 660 3601 illum
683 3530 735 3596 (tei
755 3531 933 3616 tempium?
975 3533 1008 3600 te
1029 3533 1085 3616 qui
1106 3532 1254 3616 operibus
1281 3534 1350 3600 tuis
1373 3535 1452 3600 ants

297 3631 452 3698 Iudaeum
480 3635 536 3702 sut
557 3635 716 3702 etbuieum
745 3654 817 3702 esse
840 3635 984 3704 deolsrss
1007 3653 1047 3702 an
1068 3636 1159 3706 illum
1182 3637 1236 3721 qni
1257 3637 1326 3704 ium
1349 3657 1422 3705 eon·

297 3734 427 3800 seeutus
457 3736 499 3800 sit
525 3756 582 3820 per
607 3739 688 3804 bano
712 3756 807 3822 quam
831 3739 987 3804 execraris
1008 3738 1106 3807 fidem
1127 3758 1227 3824 regna
1250 3741 1422 3808 caelestia?

400 3973 417 4026 9
433 3973 499 4042 aph.
516 3975 544 4040 4,
565 3974 597 4028 15
666 3975 700 4030 23
717 3975 753 4032 ib.
772 3978 798 4041 4,
818 3977 858 4032 17.
878 3976 910 4034 18

347 4176 530 4244 aporema·
545 4180 617 4234 eoas.
637 4181 775 4238 maestes
845 4182 878 4240 rs
896 4184 1095 4240 sumeremus
1170 4185 1206 4253 as
1225 4187 1255 4242 n
1270 4145 1358 4246 aaa

296 4260 329 4312 28
348 4262 485 4332 sacrilegio
553 4263 587 4318 32
604 4267 679 4336 regni
695 4273 763 4323 ιιι.1
