3050 5000
316 336 357 398 74
807 331 959 386 Luciferi

312 543 392 586 aree.
416 523 540 587 ethaeo
564 522 645 587 dicis
668 520 776 584 diuina
797 519 948 584 mandata
963 519 1133 586 calcando:
1164 520 1329 602 suscipite
1353 517 1459 582 idolo-

312 624 440 689 latriam
462 643 577 702 meam,
600 623 808 706 derelinquite
832 622 936 700 deum,
959 621 1127 687 interficite
1150 623 1326 688 inimicum
1350 641 1458 686 meum

313 747 375 792 non
397 727 448 792 dei
464 727 682 803 Athanasium,
704 744 766 808 quo
781 725 909 808 possitis
924 725 1057 790 inueniri
1071 725 1153 790 inter
1170 744 1224 792 eos
1242 727 1301 808 qui
1320 725 1457 790 oderunt

314 829 419 905 deum,
448 831 561 912 quibus
582 829 761 912 promiserit
783 848 817 893 sa
839 827 1022 894 intertium
1046 828 1078 892 et
1092 831 1240 912 quartam
1263 830 1455 912 progeniem

313 933 528 1008 redditurum
546 933 619 998 date
638 951 775 1015 operam,
792 951 830 996 ne
842 949 915 996 eum
929 931 993 997 illis
1010 931 1184 1014 diligamini
1201 932 1308 1006 adeo,
1327 933 1455 1014 propter
1473 959 1478 991 r

315 1057 393 1120 quos
409 1038 501 1103 dicit:
514 1040 636 1114 faciens
650 1037 901 1102 misericordium
917 1037 954 1100 ee
965 1037 1060 1100 milio
1072 1036 1122 1100 bis
1132 1038 1188 1118 qui
1198 1037 1353 1119 diligent
1364 1043 1454 1100 med

314 1141 366 1205 bis
379 1142 436 1222 pai
450 1141 633 1205 medient
642 1142 815 1221 praecepta
832 1137 911 1204 eea.
936 1139 1101 1220 conspicis,
1120 1138 1380 1220 prudentissime
1395 1141 1452 1203 im-

314 1245 448 1326 perator,
460 1244 518 1308 hoc
529 1241 588 1307 tibi
598 1242 715 1306 bonum
725 1239 828 1305 uideri
841 1240 925 1323 quod
937 1240 979 1306 sit
986 1240 1106 1306 malum
1119 1242 1151 1308 et
1160 1243 1219 1306 boc
1228 1243 1361 1306 malum
1371 1243 1452 1324 quod

313 1346 438 1411 bonum
455 1347 510 1410 aut
525 1345 655 1428 negabis
669 1345 796 1421 bonum,
813 1344 868 1408 aut
882 1344 1012 1426 negabis
1024 1346 1105 1410 bona
1118 1344 1150 1408 te
1165 1346 1254 1410 mala
1267 1365 1345 1410 esse
1357 1347 1451 1410 intel-

313 1449 419 1532 legere
436 1448 469 1512 et
489 1448 575 1512 mala
596 1449 700 1513 bona?
722 1447 749 1512 si
767 1463 874 1528 negas,
898 1446 1061 1529 responde.
1085 1448 1201 1512 bonum
1221 1449 1272 1512 est
1296 1447 1478 1512 damnarer

313 1552 510 1616 innocentem
534 1570 572 1615 an
594 1549 734 1614 malum?
769 1551 885 1614 bonum
909 1550 959 1615 est
983 1550 1201 1632 derelinquere
1226 1550 1328 1616 deum
1354 1553 1389 1616 et
1411 1553 1451 1615 ire

312 1655 384 1737 post
404 1654 617 1719 idololatn'em
641 1671 680 1716 an
701 1652 842 1717 mulum?
887 1653 915 1718 si
938 1652 1053 1718 dixeris
1076 1652 1205 1731 malum,
1238 1655 1372 1718 dieetrlr
1396 1654 1450 1717 tibi

315 1759 460 1824 anobis:
484 1777 539 1822 cur
561 1759 639 1822 haec
662 1756 698 1819 tu
720 1756 828 1839 gen's?
861 1757 976 1821 iterum
998 1757 1118 1822 clamat
1139 1755 1171 1822 in
1194 1758 1448 1822 Deuteronomio

314 1863 450 1946 Moyses,
468 1860 593 1924 dicens:
609 1861 760 1925 custodite
774 1861 932 1926 mandute
947 1863 1070 1926 domiai
1084 1863 1135 1927 dei
1151 1863 1199 1926 tui
1214 1867 1243 1926 et
1259 1863 1449 1926 testimonio

315 1970 345 2031 et
370 1966 625 2047 iustificationes·
641 1980 854 2046 quascumque
881 1963 1055 2028 meedeeit
1083 1964 1150 2044 labi,
1182 1968 1212 2028 et
1236 1966 1348 2046 facies
1371 1965 1476 2044 quoda

309 2067 472 2151 placitum
494 2070 539 2131 est
559 2070 589 2130 et
609 2064 693 2146 qaod
719 2065 835 2130 bouem
864 2069 937 2132 eeu
964 2065 1128 2130 domincum
1157 2066 1251 2130 dmm
1280 2071 1390 2144 taam,
1421 2073 1451 2130 ad

315 2171 448 2253 beroem
469 2170 539 2236 tuoe.
561 2174 592 2234 et
611 2168 749 2234 iubebis
766 2174 795 2234 et
809 2168 981 2234 hereditate
989 2169 1168 2250 possidebis
1182 2173 1306 2234 terrem
1322 2169 1449 2244 benum

314 2293 412 2355 quam
434 2272 560 2336 iurauit
580 2272 730 2336 dminus
745 2271 898 2352 patribus
920 2272 1044 2336 uestris
1068 2271 1100 2335 et
1120 2271 1156 2335 bu
1172 2272 1250 2336 haec
1269 2291 1347 2338 esse
1368 2274 1447 2338 bona

314 2375 449 2458 elegisti,
471 2376 551 2439 haec
575 2373 634 2438 deo
655 2373 786 2456 placita,
815 2375 852 2438 ut
872 2374 904 2438 in
926 2374 1149 2438 contumeliam
1173 2375 1240 2440 eius
1262 2377 1448 2440 maiestatis

312 2478 494 2545 idololatria
521 2477 664 2543 firmetur
691 2495 748 2560 per
776 2477 823 2542 tui
844 2477 934 2561 regni
962 2477 1112 2543 uirtutem
1143 2478 1175 2543 et
1196 2477 1391 2561 iugulentur
1421 2480 1474 2545 bis

314 2582 368 2664 qui
391 2600 425 2646 se
449 2582 517 2646 eius
538 2582 657 2646 luerint
679 2582 815 2647 confessi
838 2582 985 2648 cultores.
1029 2604 1093 2649 eece
1115 2604 1178 2667 epo,
1202 2582 1282 2647 dicit
1305 2585 1446 2669 Moyses,

314 2686 389 2751 dedi
418 2690 490 2750 eale
512 2689 710 2767 conspectam
737 2690 879 2751 oestrum
906 2686 997 2751 bodie
1023 2686 1270 2752 benedictionem
1297 2693 1327 2752 et
1353 2688 1448 2751 mele-

317 2788 497 2869 dictionem,
524 2786 775 2867 nemorosam,
804 2790 833 2855 si
861 2789 1031 2857 merces
1057 2790 1213 2853 mandute
1240 2790 1377 2855 emim·
1403 2791 1449 2855 dei

315 2891 415 2956 aestro
445 2910 656 2971 qaaecumque
683 2910 737 2973 epo
766 2891 883 2957 mecedo
909 2892 1001 2956 uobis
1027 2892 1125 2958 bodie.
1170 2910 1243 2957 cum
1264 2893 1385 2975 itaque
1408 2894 1448 2957 illi

315 2992 380 3057 sint
400 2992 558 3059 benedicti
581 2993 635 3075 qui
656 2993 854 3058 innocentem
877 3013 937 3060 non
968 2995 1030 3060 sint
1051 2996 1242 3091 punientes,¹
1255 2996 1306 3061 illi
1330 2998 1474 3061 dominio

315 3100 479 3163 seruantes
501 3098 653 3163 mandata
675 3098 728 3180 qui
750 3098 927 3162 inauditum
952 3099 1101 3163 damnare
1119 3098 1285 3175 noluerint,
1311 3101 1349 3163 tu
1371 3120 1447 3183 quo-

312 3200 408 3265 modo
430 3202 462 3265 te
485 3201 688 3266 benedictum
702 3202 806 3283 putas,
830 3220 902 3265 cum
917 3220 973 3283 per
989 3220 1066 3284 opus
1080 3202 1171 3267 tuum
1186 3202 1218 3265 te
1233 3202 1353 3284 probes
1369 3204 1447 3267 inter

314 3303 504 3369 maledictos
532 3303 762 3369 constitutum?
797 3305 858 3369 aut·
874 3304 901 3369 si
923 3323 984 3370 non
1005 3304 1087 3370 inter
1108 3304 1297 3371 maledictos
1324 3324 1372 3383 es,
1397 3326 1447 3369 our

315 3406 448 3489 Moysen
471 3409 593 3490 spernis
616 3408 796 3475 dicentem?
817 3410 847 3475 sa'
869 3415 975 3475 eutem
997 3411 1186 3473 iaaeaietwr
1206 3412 1244 3475 ia
1266 3416 1295 3475 te
1318 3413 1360 3475 ia
1383 3434 1445 3477 eoo

317 3510 487 3575 ciuitatem
517 3516 656 3590 maram,
690 3533 770 3594 ques
798 3513 949 3579 domines
975 3512 1052 3578 dees
1082 3518 1155 3577 teus
1183 3512 1270 3579 debit
1293 3514 1366 3588 tibi,
1397 3517 1472 3579 airu

418 3713 532 3768 eosne.
549 3716 573 3784 s,
598 3716 632 3769 ro
736 3718 769 3770 14
790 3716 827 3772 ib.
851 3718 876 3781 c,
903 3718 942 3772 11.
965 3717 998 3771 18
1100 3715 1252 3781 211111,
1277 3717 1319 3772 ao.
1344 3719 1379 3772 27

315 3796 404 3852 earo.
422 3798 462 3866 11,
481 3799 505 3855 a.
524 3798 540 3851 a

367 3984 381 4035 l
406 3984 532 4038 calcando
555 3987 667 4054 scripsi,
689 3987 817 4042 calcanda
837 3991 876 4044 Ve
984 3988 1000 4041 5
1023 3959 1185 4043 redditurdm
1209 3994 1228 4059 Γ
1252 4009 1286 4047 aa.
1310 3995 1376 4059 rec.)

314 4069 331 4121 9
349 4071 396 4121 aut
413 4068 524 4137 negabis
540 4069 639 4123 bonum
657 4074 841 4141 eepmapeade
858 4074 927 4139 fert.
1038 4076 1071 4127 14
1088 4074 1220 4129 custodite
1242 4078 1290 4140 Ve,
1314 4078 1441 4132 custodire

316 4153 408 4249 Titius
424 4155 457 4205 ia
473 4156 549 4207 notis
566 4155 642 4220 falae
712 4155 744 4209 17
761 4156 878 4213 beredite
896 4176 930 4213 m.
948 4164 964 4212 1
1035 4158 1069 4213 29
1085 4158 1204 4229 Moysem
1222 4178 1238 4214 e
1306 4178 1362 4217 non
1379 4170 1440 4217 aab

314 4253 415 4305 sperms
433 4254 506 4293 eree
