3050 5000
444 352 611 407 Moriendurn
630 369 686 409 esse
703 371 750 423 pro
770 354 812 407 dei
830 355 892 410 filio.
1171 354 1234 421 303

106 546 216 614 edicta
238 544 350 609 feralia
369 546 427 609 tue
447 544 648 623 resistentes,
672 564 734 627 quo
755 545 857 610 mines
880 545 913 609 et
935 545 1093 611 cruciatus
1117 547 1149 611 et
1169 546 1232 612 tor-

105 652 217 718 menta
237 649 314 714 fidei
335 649 445 731 uigore
466 668 522 731 per
545 648 596 713 dei
623 648 874 717 misericordiam
903 648 1078 727 calcemus,
1113 649 1234 731 possint

107 756 163 821 uel
184 753 290 839 gladio
311 751 462 817 inuadere
484 751 538 816 uel
560 751 745 833 crucifigere
768 752 821 820 uel
841 752 907 835 igni
929 752 1048 817 torrere
1077 751 1130 816 uel
1153 772 1232 834 quo-

106 858 197 923 libet·
213 855 356 921 inaudito
384 873 499 937 genere
528 872 699 936 poenarum
731 854 858 921 uiscera
890 855 997 921 nostre
1027 874 1062 920 ec
1092 858 1234 922 membre

69 971 92 1010 ⁵
106 961 245 1036 leniere;
268 958 304 1023 ut
325 958 446 1025 demus
468 976 669 1040 nuncusque
691 976 746 1041 per
766 959 926 1024 dominum
940 960 1105 1025 inmobiles
1121 960 1234 1025 staturi

107 1053 243 1147 semper,
272 1063 300 1129 si
328 1061 457 1144 quidem
484 1079 544 1127 non
571 1079 628 1127 nos
650 1062 748 1127 simus
772 1063 825 1145 qui
846 1063 918 1129 tuos
939 1062 1099 1129 frendores
1121 1063 1232 1127 uince-

45 1184 49 1189 ’
105 1186 195 1247 mus,
230 1166 287 1231 sed
313 1166 381 1248 ipse
408 1166 440 1229 in
468 1165 558 1231 nobis
580 1166 670 1232 cuius
693 1167 808 1231 anxilio
830 1169 978 1250 regimur,
1002 1168 1092 1233 cuius
1115 1167 1233 1232 uirtute

109 1287 284 1335 seruamur.
309 1267 445 1352 quantus
469 1268 551 1333 enim
573 1270 609 1333 tu
633 1289 667 1334 es
690 1271 745 1335 aut
767 1270 879 1354 qualis,
902 1270 955 1353 qui
976 1271 1077 1352 possis
1100 1270 1234 1353 spoliare

107 1392 165 1439 nos
187 1372 237 1437 his
258 1370 349 1437 bonis
372 1389 453 1453 quae
476 1371 603 1436 suntin
625 1392 681 1437 nos
703 1373 830 1437 conlate
860 1373 1031 1439 diuinitus?
1060 1375 1144 1456 rapis
1166 1393 1232 1451 nos,

56 1497 92 1537 ro
111 1477 245 1563 [neges]
264 1492 380 1558 egenos
394 1473 484 1553 facis,
501 1475 642 1553 damnes,
657 1476 768 1554 uineis,
784 1476 860 1555 uris,
882 1476 1005 1543 miseris
1022 1476 1117 1541 etiam
1131 1476 1234 1541 modis

108 1599 223 1657 necas,
259 1579 291 1645 et
317 1580 424 1642 temen
452 1577 579 1642 uincere
603 1578 852 1645 Christianorum
880 1579 1033 1645 inuictam
1054 1580 1151 1645 fidem
1173 1599 1236 1654 non

107 1684 208 1769 uoles.⁴
231 1702 287 1765 per
308 1681 392 1764 quod
413 1681 597 1765 intellegere
622 1682 758 1747 debuisti
780 1682 909 1762 fectum,
934 1684 1007 1765 quie
1023 1684 1055 1747 et
1070 1684 1105 1747 tu
1122 1684 1234 1749 erroris
1312 1755 1314 1759 v

109 1785 371 1866 crudelitatisque
393 1784 468 1848 tuae
490 1784 534 1849 sis
555 1784 740 1865 recepturus
769 1786 936 1869 supplicia,
971 1786 1004 1850 et
1031 1787 1140 1850 contra
1167 1805 1233 1864 nos,

111 1887 196 1972 quod
217 1907 272 1969 per
294 1888 374 1951 hanc
397 1886 588 1968 prepositum
613 1885 833 1952 difficultatem
852 1889 1094 1971 angustissimus
1115 1890 1234 1955 tremes

61 2012 95 2051 1⁵
111 1992 152 2059 ad
174 1990 409 2057 inmortalitatis
431 1988 606 2073 praemium
629 1989 804 2055 sublimiter
828 1990 938 2069 ducet,
973 2011 1034 2057 non
1062 1992 1234 2073 poterimus

110 2096 225 2162 cedere
246 2095 322 2160 tuae
344 2093 536 2170 crudelitati,
561 2093 615 2175 qui
636 2092 781 2157 nouimus
805 2094 888 2175 quod
911 2094 952 2157 sit
973 2095 1157 2179 martyrium
1176 2096 1234 2160 do·

108 2199 245 2265 minicae
278 2196 470 2262 fortitudinis
503 2186 671 2279 singularis
703 2195 847 2261 imitatio.
891 2196 1008 2261 laboris
1042 2199 1169 2281 quidem
1204 2200 1236 2263 et

111 2300 308 2367 difficultatis
329 2300 424 2382 plena
446 2299 524 2363 setis
547 2299 580 2363 et
602 2299 702 2363 erdue
722 2300 895 2383 martyrum
919 2300 997 2367 adeo
1025 2300 1077 2365 uia
1107 2302 1170 2381 est,
1200 2303 1236 2366 ut

110 2423 172 2470 non
195 2404 265 2486 quis
287 2403 432 2468 humanis
454 2403 586 2485 implere
607 2402 716 2467 ualeat
736 2404 873 2479 uiribus;
897 2403 954 2467 sed
976 2423 1032 2468 uos
1051 2406 1105 2487 qui
1121 2405 1235 2471 auxilio

62 2531 96 2572 so
111 2509 237 2574 diuinae
261 2508 492 2590 suffragationis
512 2510 659 2573 iuuamur
681 2508 841 2573 calcemus
864 2509 896 2571 te
920 2527 1058 2590 semper,
1089 2509 1126 2572 ut
1154 2528 1234 2574 nunc
1284 2535 1287 2544 ·
1320 2585 1322 2590 Ι

111 2613 289 2690 calcamus,
324 2629 453 2676 necesse
484 2612 541 2675 est.
579 2611 651 2676 hine
676 2613 725 2676 est
747 2612 831 2693 quod
852 2611 978 2675 libitum
1001 2612 1042 2676 sit
1064 2611 1153 2676 nobis
1173 2631 1238 2676 nou

111 2716 214 2791 solum
235 2734 296 2781 non
317 2714 350 2779 te
373 2714 484 2778 timere
508 2715 560 2779 dei
581 2714 742 2797 religionis
766 2715 992 2792 aduersarium,
1020 2715 1076 2778 sed
1100 2715 1132 2778 et
1152 2715 1236 2780 ultro

111 2836 292 2902 prouocare.
336 2817 529 2901 prouocaris,
554 2837 626 2882 eum
648 2836 771 2900 semper
799 2817 916 2882 utnon
938 2818 1117 2884 miserearis
1140 2819 1235 2884 iumi-

111 2923 246 2988 sericors
268 2921 326 2987 sed
346 2921 382 2985 nt
394 2920 568 2986 interficias
591 2921 774 3002 expectaris.
810 2921 881 2984 hinc
898 2923 947 2986 est
962 2922 1046 3003 quod
1060 2941 1121 2986 non
1136 2921 1241 3004 possit
1304 2959 1306 2964 .

66 3043 227 3108 recepere
250 3025 435 3090 diuisionem
456 3024 593 3089 felicitas
608 3025 724 3102 nostre,
748 3025 831 3107 quie,
857 3025 888 3088 et
906 3044 978 3089 cum
994 3025 1166 3090 occidimur
1180 3043 1236 3107 pro

111 3127 167 3192 dei
187 3128 264 3207 lilio,
286 3130 354 3210 ipse
377 3126 544 3192 dilectione
567 3127 657 3191 uiuet
677 3127 709 3192 in
732 3127 836 3220 nobis,
854 3127 921 3208 ipse
945 3127 998 3209 qui
1022 3128 1070 3192 est
1090 3127 1122 3192 in
1145 3147 1235 3208 pres-

113 3250 188 3296 sura
210 3231 242 3296 et
265 3230 423 3309 excitatio,
444 3231 476 3293 in
498 3231 752 3312 persecutionum
773 3231 900 3312 proeliis
925 3229 1085 3296 fortitudo.
1124 3230 1236 3313 quibus

114 3334 230 3400 etenim
245 3333 326 3399 uelis
340 3334 373 3398 te
387 3333 491 3398 modis
514 3352 622 3399 exeras
646 3334 798 3399 aduersus
821 3335 873 3398 dei
896 3334 1042 3413 cultores,
1065 3353 1236 3417 numquam

112 3438 220 3502 tamen
241 3437 360 3520 poteris
383 3455 538 3502 enecuere
562 3437 720 3519 signatam
741 3438 901 3517 uirtutem,
926 3439 1039 3521 quippe
1055 3457 1127 3504 cum
1142 3457 1235 3504 mun-

69 3558 99 3596 so
115 3540 198 3604 dana
220 3559 280 3606 non
301 3540 445 3619 innitent,
468 3559 528 3604 non
550 3540 690 3605 terreant
711 3543 876 3606 tormenta.

156 3645 195 3708 X.
226 3645 306 3709 (lum
336 3645 414 3708 haec
442 3643 489 3707 ite
519 3643 596 3722 sint,
627 3644 658 3708 te
689 3644 741 3708 dei
773 3645 883 3710 domus
904 3647 1138 3727 persecutorem
1161 3645 1237 3729 quid

116 3747 203 3812 aliud
219 3746 323 3811 dicam
339 3766 433 3829 quem
448 3746 608 3826 misemm,
633 3747 686 3828 qui
700 3747 893 3829 praedonum
908 3749 1034 3813 tuorum
1050 3749 1236 3814 daemonum
1287 3804 1290 3809 .

115 3850 370 3934 instigationibus
391 3868 514 3932 pareas,
538 3868 669 3931 quorum
693 3850 830 3915 stimulis
855 3852 943 3916 ectus
959 3854 1036 3916 haec
1052 3852 1147 3917 fueris
1162 3870 1236 3934 per·

168 4070 302 4126 laediete
370 4072 413 4140 qui
425 4071 492 4138 fort.
562 4073 694 4142 erigones
757 4075 791 4128 10
801 4089 883 4144 negas
895 4075 1040 4142 semineci,
1053 4075 1153 4142 relegas
1166 4075 1236 4127 conl.

92 4192 255 4247 uatocoe
334 4191 366 4245 15
384 4165 457 4245 dicet
536 4167 711 4248 2111111111Μ
747 4193 782 4248 23
800 4211 858 4249 cum
878 4195 925 4258 Vc,
945 4195 1014 4248 enim
1031 4194 1101 4248 coel.
1123 4193 1236 4249 Gallae-

117 4278 183 4333 dies
252 4278 285 4331 27
304 4279 456 4334 exercitatio
473 4297 490 4334 o
509 4282 593 4349 (corr.
609 4281 643 4334 111
658 4281 747 4349 eorm)
815 4281 933 4337 3111111
