3050 5000
272 352 314 418 68
763 352 911 407 Luciferi

273 562 407 608 monna
428 542 506 625 eins,
539 561 635 624 snper
664 543 749 609 Oain
779 563 853 608 nera
883 547 911 607 et
938 563 1034 626 snper
1055 545 1217 626 sacrificia
1241 545 1314 609 eins
1338 563 1415 608 non

272 646 420 727 respexit.
443 650 473 710 ei
493 646 699 710 connisioins
714 649 760 710 esi
776 645 860 712 Cain
875 646 981 728 ualde,
997 651 1028 711 ct
1041 649 1178 712 concidit
1193 647 1309 713 nntius
1324 648 1413 713 eius.

274 753 303 813 et
324 749 408 813 dieii
430 748 579 813 danim
606 749 682 813 dens
711 749 755 814 aa
778 747 880 815 Cain:
913 769 1012 831 qnare
1039 751 1142 815 tristis
1171 751 1278 832 facins
1309 770 1342 815 es
1383 759 1414 814 et

272 871 372 932 qnare
386 850 525 916 concidit
538 851 649 916 nntius
662 852 762 916 tuns?
783 869 882 934 qnare
893 871 958 918 non
972 857 1052 919 recte
1063 853 1228 918 obtulisti?
1247 855 1410 936 peccasti,

272 955 393 1036 quiesce
420 954 454 1017 et
475 954 590 1031 cetere,
614 954 647 1018 ct
666 953 763 1020 infru:
788 954 872 1019 ciac
887 953 972 1021 Ooin
987 955 1030 1020 ad
1044 956 1123 1022 Abel
1137 955 1272 1038 fratrem
1287 975 1411 1021 snum:
1436 974 1449 1012 ⁵

275 1077 383 1124 comm
405 1057 443 1121 in
463 1077 622 1139 campan.
645 1058 891 1139 cisoniensi,
916 1077 987 1124 cnm
1010 1064 1110 1124 essent
1131 1059 1196 1140 ipsi
1217 1060 1255 1124 in
1277 1078 1407 1143 canepO,

275 1160 452 1224 inornate
476 1159 560 1225 Ooin
581 1180 678 1243 snper
704 1160 785 1226 noer
807 1159 940 1241 fratrem
963 1181 1057 1226 snum
1074 1166 1102 1227 ei
1124 1162 1237 1228 occidit
1260 1183 1344 1228 cnm.
1377 1167 1410 1226 ei

274 1263 358 1327 dieii
386 1263 461 1328 deo
483 1263 527 1327 aa
550 1261 650 1329 Ooin:
683 1263 739 1328 nbi
768 1267 812 1328 esi
833 1263 937 1343 frater
959 1265 1056 1328 inas?
1100 1265 1250 1332 aonii:
1274 1265 1408 1344 nescic;

274 1367 431 1449 namquid
459 1370 561 1432 costos
582 1367 698 1448 fratris
724 1367 787 1431 nei
816 1385 888 1432 snm
916 1369 993 1450 epo?
1027 1373 1055 1433 ei
1083 1367 1168 1432 dixit
1195 1369 1288 1433 deas:
1323 1368 1409 1450 qnid

272 1471 375 1552 fecisti
396 1469 479 1535 too?
500 1489 565 1534 noa
586 1471 757 1554 sanpninis
779 1469 896 1550 fratris
919 1472 967 1536 ini
990 1473 1109 1536 clamat
1129 1473 1173 1538 aei
1187 1491 1234 1536 ne
1248 1472 1287 1536 cie
1301 1476 1405 1536 terre.
1420 1495 1442 1533 ιο

273 1574 425 1657 numquid
446 1592 506 1638 non
528 1572 664 1637 licuerat
687 1573 757 1652 deo,
781 1574 964 1658 priusquam
987 1573 1064 1640 Cain
1088 1576 1279 1640 commearet
1302 1576 1405 1656 utque

272 1677 491 1760 interrogaret,
508 1676 641 1758 punire?
659 1677 716 1741 sed
731 1676 842 1754 noluit,
861 1677 938 1742 dens
953 1677 1095 1754 formem,
1115 1696 1175 1761 quo
1187 1678 1405 1760 inciperemus

272 1799 388 1864 genere
409 1779 551 1844 iudicare
573 1779 759 1846 commissos
789 1779 888 1858 nobis,
924 1781 1013 1846 nobis
1040 1781 1179 1863 inquam,
1214 1781 1253 1846 de
1285 1781 1404 1864 quibus

272 1902 328 1967 per
356 1882 551 1948 Hieremiam
580 1883 764 1965 prophetem
797 1882 876 1947 dicit
905 1883 945 1948 nd
973 1884 1104 1966 populos
1134 1903 1210 1948 sune
1237 1884 1404 1949 maiestati

274 1986 411 2050 dicatos:
434 1989 465 2048 et
476 1984 556 2050 dato
571 1985 661 2050 notis
668 1991 816 2068 pactores
830 1987 1003 2051 secontiam
1019 2007 1072 2052 eor
1086 2007 1201 2070 menn,
1223 1992 1253 2052 ei
1263 1993 1403 2069 pascent
1417 2009 1441 2048 ιε

271 2109 328 2155 nos
345 2093 509 2171 pascentes
536 2107 608 2153 enm
631 2088 817 2170 disciplina.
862 2089 1025 2174 damnate,
1054 2089 1169 2172 inquis,
1197 2110 1278 2170 cnm,
1308 2111 1403 2172 quem

271 2194 430 2276 ipnoraiis
451 2192 628 2274 deliquisse.
651 2196 729 2256 cur?
752 2210 865 2273 nempe
890 2191 1014 2270 adhoc,
1037 2194 1073 2256 ut
1094 2193 1160 2257 iam
1182 2212 1242 2258 non
1259 2193 1403 2276 episcopi

272 2297 329 2363 sed
350 2312 545 2361 mereremur
568 2294 742 2377 nuncupari
757 2293 868 2359 uesani
885 2295 979 2376 etque
995 2293 1169 2360 carnifices.
1193 2315 1254 2360 non
1268 2297 1400 2376 metuis,

272 2420 336 2479 oro,
351 2401 429 2464 haee
440 2397 596 2463 mandans
609 2398 727 2464 domini
737 2397 779 2462 ed
789 2397 857 2462 Noe
869 2398 1103 2464 snucfflssimnm
1115 2399 1250 2464 dicentis
1261 2404 1402 2464 uocem?

274 2507 355 2570 sient
377 2505 464 2569 ciera
484 2503 576 2585 faeni
597 2502 671 2567 dedi
692 2502 781 2566 notis
804 2503 921 2569 onnia.
961 2506 1092 2583 praeter
1119 2523 1248 2568 earnem
1270 2506 1301 2567 ci
1321 2522 1400 2568 san
1416 2524 1440 2564 n

271 2608 401 2691 perinent
422 2606 552 2670 animae
572 2625 639 2669 non
660 2606 766 2671 edetis.
807 2607 921 2673 etenim
942 2610 1085 2672 nestrum
1106 2606 1297 2689 saoopoincm
1321 2608 1399 2671 ani-

271 2713 602 2774 numantinorum
625 2710 791 2790 merirum
819 2710 856 2775 de
877 2710 1025 2775 mannos
1047 2710 1189 2774 omnium
1212 2709 1398 2793 bestiarum,

272 2812 439 2895 expensam
461 2811 606 2875 aniciam
627 2811 776 2877 hominis.
800 2814 856 2894 qni
878 2813 1024 2893 effoderit
1046 2812 1235 2896 sanquinem
1257 2812 1401 2877 nanno

265 2934 330 2998 pro
351 2914 510 2999 cauponii
531 2914 670 2980 nominis
690 2916 878 2998 offendetur,
902 2917 980 2999 qnia
1002 2917 1046 2981 aci
1067 2916 1241 2999 inopinam
1264 2916 1316 2981 dei
1336 2916 1400 2997 feci

270 3019 440 3086 hominen.
456 3037 518 3083 non
531 3017 658 3096 meinis,
675 3038 739 3096 oro,
754 3019 913 3085 tentorum
929 3020 962 3084 te
975 3020 1028 3102 qui
1039 3018 1150 3085 uideas
1161 3018 1399 3085 interfectorem
1413 3036 1438 3075 2⁵

272 3123 323 3188 dei
346 3122 504 3187 exstitisse
526 3138 700 3201 seruorum,
730 3123 767 3187 nt
797 3124 898 3187 adhuc
924 3122 1248 3205 etipseinnoccntes
1269 3123 1400 3206 iugules

273 3226 305 3290 et
327 3244 383 3290 nos
406 3224 576 3307 participes
598 3225 668 3289 fiori
688 3226 815 3290 tuorum
839 3244 934 3308 cogas
956 3225 1122 3291 funerum?
1145 3244 1218 3290 eum
1240 3225 1401 3293 dietume

273 3347 383 3393 socero
406 3346 462 3393 suo
485 3329 591 3393 Iethro
613 3327 727 3394 inisset
747 3327 860 3412 Moysi,
895 3347 951 3392 cur
977 3328 1046 3393 tote
1068 3328 1224 3393 detineret
1244 3344 1285 3410 pc
1342 3346 1399 3391 nm

275 3431 344 3495 die:
371 3432 459 3495 aeni
480 3432 524 3495 ad
546 3452 602 3510 mc,
629 3430 741 3512 inquit,
770 3431 910 3512 populns
931 3450 1086 3512 quaerens
1107 3432 1265 3496 indicione
1287 3452 1310 3494 a
1332 3431 1398 3497 dec.

270 3532 368 3615 igitur
390 3532 418 3596 si
440 3532 592 3597 iudicium
616 3532 667 3597 dei
690 3533 866 3599 inuetitum
881 3533 948 3597 tem
966 3534 1059 3598 docet
1075 3552 1143 3599 csse
1157 3534 1287 3611 iustum,
1312 3532 1437 3615 quodni

273 3634 326 3699 dei
349 3652 418 3699 esse
443 3634 566 3700 dicutur
587 3634 705 3701 iudicio
727 3636 940 3715 terminatum,
971 3637 1125 3719 quomodo
1153 3636 1189 3701 tu
1217 3636 1398 3701 inauditum

374 3817 473 3875 5Gen.
496 3822 522 3889 4,
544 3821 628 3875 8-10
733 3823 764 3875 15
788 3822 860 3876 Hier.
884 3822 909 3886 3,
935 3823 966 3876 15
1070 3822 1103 3876 20
1128 3822 1193 3878 Gen.
1216 3824 1241 3891 9,
1260 3824 1328 3877 3-6

271 3904 466 3970 nemnem,
487 3906 519 3961 15

323 4060 338 4111 5
350 4063 376 4113 et
386 4063 474 4113 cetere
483 4076 532 4114 on.
545 4060 631 4114 Coleti
701 4062 732 4115 11
745 4078 798 4117 nou
808 4079 828 4117 s.
843 4062 858 4116 1.
872 4078 905 4172 ne.
918 4069 933 4116 1
1007 4065 1037 4118 12
1057 4079 1105 4133 quo
1118 4078 1212 4133 genere
1225 4064 1398 4133 inciperemus

269 4181 608 4277 trpnsposiiionislsipnie
626 4182 735 4237 additis
815 4184 846 4237 16
864 4146 950 4251 iiiiii
1029 4183 1061 4236 19
1078 4156 1190 4237 111111ᾱαῖ
1265 4184 1398 4239 sanctissi-

266 4299 339 4337 mam
406 4283 440 4336 30
458 4284 613 4337 antestitum
