3050 5000
335 381 377 434 De
395 397 447 434 non
464 381 595 451 parcendo
614 383 643 435 in
661 382 738 437 deum
760 379 984 449 delinquentibus.
1167 384 1230 451 219

99 592 199 640 snum
220 572 258 637 de
278 590 379 637 manu
400 574 480 637 tro?
503 578 530 638 61
552 574 673 654 faciam
694 578 749 656 661,
772 579 807 639 nt
829 575 1007 655 loqueretur
1022 576 1061 657 ci,
1084 574 1168 639 diaii
1186 576 1230 639 ool

97 700 190 745 enm:
221 676 380 758 numquid
401 676 625 742 consiliarium
646 678 730 759 repis
750 677 823 744 decii
844 680 896 742 ie?
930 696 1008 741 6666
1029 677 1087 742 libi
1109 698 1148 742 ne
1168 678 1231 754 116-

98 782 236 867 pellens.
265 779 372 857 uides,
396 778 576 856 Constanti,
605 795 700 861 quam
724 780 865 843 amentes
889 780 1079 859 efficiamini,
1101 782 1230 862 postes-

101 904 200 968 quam
221 882 378 966 placuerit
398 882 489 946 uobis
512 882 636 947 diabolo
664 882 772 947 ruiuere
801 882 990 961 seruientes,
1025 884 1231 967 posteaquam

72 986 260 1070 cplaeucrit
287 985 377 1050 uobis
406 985 528 1049 nescire
559 984 653 1050 deum
680 986 782 1051 totum
816 986 991 1069 potentem,
1025 989 1231 1072 posteaquam

100 1090 264 1173 elegeritis
297 1090 386 1153 uobis
417 1088 449 1151 in
484 1089 707 1154 contumeliam
741 1090 793 1153 dei
826 1108 884 1153 uos
917 1092 1058 1173 operiere
1093 1092 1230 1157 statuere

99 1192 325 1259 idololatriam.
360 1192 396 1255 ut
424 1192 506 1256 enim
536 1192 590 1258 1116
620 1192 715 1257 dixit:
749 1195 906 1275 rinmqnici
938 1196 975 1258 in
1007 1196 1231 1261 consiliarium

100 1298 186 1382 repis
207 1298 282 1363 decii
302 1300 359 1361 ic?
380 1316 458 1361 6666
479 1296 538 1361 tciri
559 1317 599 1360 ne
618 1296 797 1380 floyeiloris,
820 1296 867 1360 ita
883 1298 914 1361 et
928 1298 973 1375 tu,
997 1300 1153 1379 numquid
1174 1319 1231 1365 uos

100 1399 184 1465 milii
204 1398 404 1465 consiliarios
426 1398 514 1483 61691,
540 1398 628 1478 dieis,
651 1404 690 1464 61
708 1420 774 1465 non
792 1404 893 1482 proni
913 1399 993 1464 miti
1011 1402 1171 1481 placitum
1186 1408 1230 1467 esi

25 1511 27 1516 '
61 1522 219 1589 myrram,
243 1507 281 1567 nt
300 1523 367 1567 non
389 1502 473 1567 1666
494 1508 617 1569 teneam
632 1506 724 1567 niam
738 1524 834 1586 quom
851 1506 985 1569 ionmrii
1000 1506 1146 1569 Arrius?
1172 1524 1229 1571 nec

101 1608 258 1690 conspicis
273 1623 335 1688 quo
350 1606 492 1686 exemplo
507 1606 662 1671 interierit
676 1606 807 1671 Arrius?
830 1606 986 1688 quomodo
1001 1607 1033 1671 in
1050 1626 1121 1672 eum
1136 1608 1232 1673 fuerit

100 1713 299 1778 uindicatum
329 1710 502 1775 diuinitus?
533 1711 670 1790 interea,
701 1712 775 1794 qnia
797 1712 877 1776 dieis
900 1730 956 1776 nos
978 1712 1035 1778 tibi
1060 1730 1129 1777 esse
1153 1732 1230 1777 oon-

100 1814 303 1891 tumeliosos,
329 1812 404 1877 uide
426 1814 507 1877 hunc
532 1814 584 1878 dei
605 1814 764 1879 hominem
787 1835 847 1880 non
869 1816 1048 1897 pepercisse
1070 1816 1230 1879 consacri-

100 1920 176 2001 lego
203 1918 259 1983 tuo
287 1918 336 1981 1111
364 1918 446 2000 regi,
481 1917 538 1983 sed
567 1918 774 2001 posteaquam
804 1919 923 1983 dictum
954 1919 1053 1984 esici
1088 1925 1163 1998 1666,
1193 1940 1232 1983 nc

63 2038 90 2079 1⁵
98 2022 286 2106 depellaris,
311 2022 426 2087 dixisse
450 2022 490 2087 ad
511 2023 617 2087 illum:
651 2024 716 2087 scio
737 2044 791 2106 epo
814 2025 965 2104 qnoniam
986 2024 1137 2087 dominos
1164 2024 1230 2088 dis·

95 2126 210 2210 perdet
230 2130 268 2210 ic,
297 2127 353 2208 qai
373 2127 477 2208 fecisti
497 2127 586 2191 istud
608 2131 638 2191 oi
658 2146 723 2191 non
744 2126 904 2192 obaudisti
926 2128 1094 2192 consilium
1116 2148 1228 2191 mcum.

100 2231 134 2295 in
157 2248 220 2313 que
240 2246 275 2292 re
297 2246 353 2293 nos
376 2229 474 2295 sentis
497 2230 764 2295 contumeliosos?
786 2248 896 2312 nempe
913 2230 987 2312 quia
1003 2230 1136 2294 dicimus
1152 2231 1229 2296 tibi:

101 2354 161 2399 nos
181 2333 308 2409 scimus,
331 2332 414 2414 qnod
435 2333 529 2417 enim,
552 2334 620 2397 nisi
641 2333 699 2397 1111
714 2334 899 2415 promidcris
921 2338 959 2397 61
975 2334 1171 2397 commoriaris
1187 2335 1230 2398 ud

101 2440 203 2514 dmm,
226 2437 319 2502 61116
340 2435 488 2501 dminus
510 2436 554 2501 acl
575 2440 736 2502 oeternum
746 2454 886 2520 poenam
901 2436 1125 2502 damnaturus.
1149 2437 1228 2501 haee

64 2539 484 2617 sescenisnummis
507 2540 608 2604 omnis
630 2539 753 2618 iniuria,
778 2539 852 2622 quia
874 2540 931 2604 1111
956 2539 1078 2603 dicatur
1100 2557 1155 2621 per
1179 2539 1230 2604 dei

105 2643 262 2708 antistites
282 2642 316 2706 in
340 2643 501 2706 aeternum
518 2644 550 2706 te
566 2642 775 2721 interiturum,
798 2641 858 2708 nisi
875 2643 1046 2707 correxeris
1064 2643 1134 2706 uias
1148 2643 1229 2706 tuas.

103 2765 162 2811 non
191 2745 327 2810 eredidit
356 2745 410 2808 1116
441 2764 497 2809 rex
527 2746 645 2809 homini
676 2745 736 2810 dei.
772 2745 847 2828 quid
876 2747 982 2810 statim
1012 2746 1041 2809 ei
1070 2746 1230 2828 acciderit,

104 2847 182 2911 dicit
202 2847 314 2911 saneta
334 2848 491 2929 scriptura
512 2848 574 2911 sio:
601 2854 631 2913 61
652 2850 690 2912 16
712 2853 857 2930 tempore,
882 2867 942 2930 qno
962 2849 1105 2914 discessit
1126 2849 1230 2912 Amu-

103 2951 169 3015 sios
190 2969 213 3012 o
233 2951 372 3029 domino,
395 2952 641 3016 insurrexerunt
661 2952 704 3016 od
725 2971 798 3016 enm
819 2952 1058 3016 insurrectione.
1094 2955 1123 3014 61
1145 2952 1231 3034 sopit

64 3054 144 3118 mol>
165 3053 368 3118 Hierusalem
388 3053 426 3117 in
448 3053 577 3139 Laeliis,
606 3059 635 3118 oi
658 3055 882 3135 interfecerunt
897 3091 946 3123 ses
974 3073 1045 3118 oum
1073 3054 1109 3117 in
1131 3055 1226 3134 equis.

105 3156 149 3221 616
178 3155 211 3220 61
237 3156 271 3219 16
299 3156 455 3220 malorum
487 3156 612 3221 tuorum
634 3155 720 3220 faeie
748 3157 917 3239 potuerunt
940 3174 1126 3220 conseruare
1148 3155 1230 3218 tueri

107 3277 142 3323 ac
175 3258 359 3337 defendere,
395 3259 551 3341 quomodo
581 3259 613 3323 61
639 3259 730 3323 illum
763 3259 817 3340 qui
848 3259 926 3323 dixit
955 3260 1072 3323 homini
1103 3259 1153 3322 dei
1175 3277 1230 3340 pro

108 3362 209 3428 salute
223 3362 323 3445 ipsine
340 3362 498 3444 loquenti:
521 3364 678 3445 numquid
692 3363 914 3428 consiliarium
931 3369 957 3428 16
971 3364 1040 3445 6661
1055 3363 1232 3428 6666111611

105 3471 178 3551 loco,
202 3486 242 3530 ne
260 3465 440 3547 depellaris.
470 3483 530 3528 nou
553 3466 602 3529 est
625 3484 644 3528 6
666 3464 755 3529 nobis
778 3465 912 3546 primum
935 3465 1064 3542 iactum,
1089 3465 1117 3530 si
1141 3465 1231 3546 (1166-ι

67 3568 254 3633 1611661111
277 3567 408 3646 erranti,
443 3566 630 3633 ordinationi
654 3568 706 3633 dei
727 3568 904 3644 resistenti,
938 3587 1037 3632 nouas
1059 3569 1130 3632 uias
1153 3587 1230 3632 eon-

105 3672 235 3736 stituere
262 3670 434 3735 laboranti:
467 3672 550 3736 molo
579 3673 663 3754 focis
683 3691 749 3735 non
772 3673 894 3753 imper
916 3673 1021 3756 nium,
1051 3693 1112 3754 per
1135 3691 1232 3753 quam

106 3795 210 3840 omnes
232 3775 284 3839 dci
306 3773 438 3839 cultores
460 3775 504 3840 oci
526 3775 673 3840 coelestio
695 3795 796 3858 repno
812 3779 1038 3857 peruenerunt.

205 3939 458 4009 6111666616
528 3943 615 3999 1511).
633 3945 676 4011 25,
696 3945 729 3999 16
797 3944 997 4024 66166667

157 4096 187 4150 11
206 4096 293 4152 fuito
363 4099 397 4153 15
414 4099 534 4153 dominus
553 4099 650 4154 denso
719 4099 751 4154 21
771 4101 913 4154 antestites
982 4100 1015 4153 23
1034 4097 1163 4152 scribtura

107 4183 219 4238 selenis
296 4188 365 4252 posi
382 4184 571 4239 interfecerunt
587 4187 735 4242 intercidit
752 4187 836 4253 foris
853 4189 880 4238 61
897 4185 1077 4254 imposuerunt
1159 4182 1231 4252 cquis

110 4289 155 4356 Vo,
170 4285 266 4340 Lachis
286 4285 373 4341 061611
441 4286 475 4341 26
492 4263 633 4374 potuerint
