3050 5000
364 387 406 441 Dc
423 403 477 441 non
496 388 675 443 conuenientia
693 405 752 444 cum
769 390 917 446 haereticis.
1166 397 1209 463 33

77 573 223 656 apostoli,
248 575 283 640 ut
304 575 337 639 te
362 575 456 659 sique
480 575 600 642 similos
622 577 680 643 tibi
694 579 870 646 citaremus
886 582 918 644 et
931 580 964 646 in
980 584 1129 666 suscepta
1143 583 1207 651 fido

75 696 179 760 usque
202 676 244 742 ad
264 678 376 743 mortis
400 679 518 747 exitum
539 685 761 752 maneremus?
782 682 888 748 ludas
908 683 986 750 Iesu
1002 685 1126 752 Christi
1145 708 1207 754 ser·

74 800 147 859 uus,
165 781 274 862 ¹frater
294 785 400 848 aulem
421 783 531 850 Iacobi
559 783 610 849 lois
640 785 696 866 oui
723 786 760 850 in
782 787 838 851 deo
858 792 952 868 patre
973 789 1097 856 dilectis
1118 797 1148 856 et
1168 793 1206 857 in

74 883 155 960 lesu
168 883 298 951 Oleristo
314 888 508 955 concreatis
529 889 659 954 uacua.
684 889 905 956 misericordia
927 891 1016 958 uobis
1038 898 1067 957 et
1082 914 1156 976 pan
1178 901 1208 960 et

45 987 199 1053 scaritos
220 989 459 1071 multiplicetur.
483 992 653 1070 ommuni,
676 1013 798 1060 omnem
812 995 1060 1062 sollicitudinem
1080 996 1207 1080 faciens

72 1091 235 1157 scribendi
255 1093 344 1159 nolis
365 1095 403 1161 de
424 1096 586 1162 communi
615 1100 728 1161 nostra
754 1095 858 1163 salute
886 1099 1042 1182 deprecor,
1072 1103 1110 1164 ut
1133 1120 1209 1182 per·

73 1193 226 1262 laboretis
246 1195 342 1263 semel
363 1197 502 1264 traditae
517 1199 669 1266 societati.
692 1200 957 1267 subintraaernnt
971 1203 1058 1268 enim
1072 1202 1205 1285 quidam

72 1298 225 1383 homines,
249 1299 325 1366 olim
347 1301 474 1386 quidem
484 1304 682 1385 praescripti
698 1305 741 1368 ad
757 1304 814 1371 loc
828 1305 997 1382 ncdicium,
1020 1306 1126 1391 impii,
1148 1307 1209 1388 qni

72 1404 129 1468 dei
149 1404 292 1486 pratiam
314 1406 517 1487 transferunt
539 1405 584 1472 ad
605 1406 835 1488 inpudicitiam
849 1409 950 1491 etqui
965 1412 1010 1474 est
1024 1409 1205 1475 dominator

31 1529 58 1569 ιο
72 1513 180 1574 noster
207 1513 236 1575 et
258 1509 405 1574 dominns
427 1510 519 1575 Iesus
538 1509 686 1576 Olristus
709 1532 780 1578 cum
802 1517 961 1597 nepantes.
1007 1529 1080 1576 cum
1101 1530 1204 1596 noga-

70 1611 196 1677 ion'bus
218 1611 309 1677 uobis
330 1611 523 1695 blasphemis
546 1612 651 1677 fuerat
671 1613 760 1679 nefas
789 1615 967 1695 conuenire,
997 1634 1071 1681 cum
1099 1614 1204 1680 adhuc

75 1734 185 1780 corum
223 1715 276 1798 qui
300 1715 504 1810 3iransgrccsi
544 1717 617 1781 sunt
659 1717 812 1782 mandata
850 1718 968 1784 domini
1008 1735 1208 1803 praeponens

73 1819 219 1903 exempla
241 1819 354 1902 urgeat
377 1819 474 1884 corda
496 1819 603 1887 nostra
626 1839 754 1887 manere
783 1821 815 1887 in
839 1841 878 1887 cc
905 1821 968 1886 fido
996 1821 1029 1886 in
1052 1840 1116 1904 qua
1136 1820 1207 1905 ipsc

71 1924 221 1988 accain
242 1922 407 1988 mansisse.
453 1924 620 1990 admomm
641 1925 750 2007 itaque
773 1945 831 1990 nos
852 1925 924 1991 nolo
937 1925 1055 2006 dicens,
1073 1925 1207 1990 scientes

33 2028 195 2111 loommin,
217 2027 372 2109 qnoniam
392 2028 470 2092 deus
486 2029 645 2110 populum
659 2039 753 2094 sunm
767 2031 806 2096 de
823 2034 911 2095 terra
924 2029 1060 2113 Aepppli
1074 2029 1207 2094 saluum

71 2132 165 2217 fecit3
188 2129 360 2196 secundum
382 2135 487 2195 autom
502 2151 568 2197 non
586 2132 741 2198 credentes
754 2132 917 2216 perdidit,
941 2131 1071 2217 ampelos
1086 2150 1207 2213 quoqne

72 2235 131 2316 qni
153 2253 219 2299 non
241 2238 453 2300 seruauerunt
473 2235 615 2300 ordinem
634 2253 740 2312 snum,
763 2235 817 2300 sed
831 2234 1066 2316 dereliquerunt
1080 2233 1207 2298 latita·

73 2337 183 2403 culum
204 2357 309 2416 suum,
332 2339 369 2404 in
391 2337 549 2403 iudicium
570 2339 682 2422 mapni
702 2339 755 2403 dei
783 2338 997 2403 uiuculis.cos
1019 2341 1206 2402 sanctornm

73 2441 260 2525 anpelornm
281 2441 338 2507 sul
360 2441 503 2508 tenebras
518 2443 672 2509 seruauit.
696 2441 835 2511 Sodoma
850 2444 956 2506 autem
974 2444 1003 2506 et
1021 2438 1206 2507 Gomorrha

34 2564 59 2605 n
73 2549 103 2609 et
125 2565 205 2627 qnae
228 2546 314 2610 circa
335 2565 388 2611 eas
406 2551 499 2611 erant
521 2547 678 2629 ciuitates,
702 2545 753 2611 lis
774 2544 877 2611 simili
898 2546 991 2611 modo
1013 2564 1085 2610 cum
1106 2542 1201 2608 adul-

73 2649 190 2713 terium
212 2647 358 2730 fecisscnt
380 2654 408 2713 cl
422 2669 552 2716 carnem
566 2654 688 2715 secutae
702 2653 813 2731 essent,
836 2647 920 2713 cinis
930 2647 1114 2729 propositae
1129 2651 1204 2711 sunt

73 2750 261 2832 exemplum,
286 2750 373 2834 iynis
395 2753 518 2817 aeterra
535 2772 674 2834 pecuum
696 2752 896 2817 sustinentes.
920 2749 1073 2815 similiter
1096 2749 1205 2831 itaque

73 2859 101 2919 et
123 2854 178 2919 isti
192 2855 388 2919 somniantes
410 2874 539 2919 carnem
561 2855 686 2936 quidem
709 2854 930 2936 cumacinam,
953 2853 1204 2918 dominationem

74 2962 180 3022 autem
202 2960 365 3039 spernunt.
406 2957 439 3020 ct
459 2955 558 3021 intra:
583 2977 644 3022 nac
665 2956 744 3036 illis,
768 2957 922 3038 qnoniam
943 2957 981 3021 in
1002 2955 1094 3020 niam
1117 2954 1206 3021 Oain

36 3078 61 3117 2⁵
74 3062 221 3127 abierunt
232 3064 260 3125 et
271 3060 309 3125 in
320 3060 529 3125 seductionem
540 3058 632 3123 Baal
649 3058 786 3123 mercede
797 3057 891 3138 effusi
902 3060 978 3121 sunt
989 3060 1018 3121 et
1028 3056 1066 3121 in
1079 3060 1203 3121 contra

73 3164 242 3229 dictionem
276 3162 369 3229 (lorel
396 3163 575 3244 perierunt.
619 3160 654 3226 lei
687 3145 766 3224 sunl
795 3160 833 3223 in
865 3159 1054 3224 caritaiclms
1088 3158 1203 3223 nestris

74 3264 218 3331 maculae
244 3266 315 3330 sine
343 3266 454 3329 timore
486 3268 581 3329 semet
604 3264 688 3345 ipsos
715 3266 865 3344 repentes,
900 3262 996 3326 nubes
1024 3261 1093 3325 sine
1116 3280 1203 3342 aqua

75 3370 163 3433 omni
184 3372 279 3433 uento
308 3366 589 3448 circumferendae,
619 3364 746 3430 arbores
768 3364 971 3429 autumnales
992 3364 1061 3428 sine
1082 3363 1200 3447 fructu,

75 3476 218 3536 mortuae
234 3490 254 3535 a
278 3470 439 3535 radicibus
455 3469 593 3552 euulsac,
609 3468 726 3549 fluctus
740 3467 857 3549 feroces
871 3468 984 3547 maris,
1008 3466 1200 3548 despuman·

36 3589 62 3631 so
76 3578 120 3639 tes
152 3573 369 3655 turpitudines
401 3590 495 3653 suas,
525 3570 687 3653 procellae
715 3570 900 3649 seducentes,
934 3570 1048 3651 quibus
1076 3574 1203 3651 tempus

177 3830 193 3883 2
210 3829 268 3884 Iud.
287 3829 354 3882 1-3
424 3828 510 3882 1411).
530 3827 598 3881 5-8
667 3825 701 3879 24
718 3825 756 3879 11).
775 3823 878 3879 11-13

125 4053 297 4125 8prescribti
371 4051 588 4121 9inpudiiiciam
675 4050 706 4103 11
724 4048 840 4103 fucriio
915 4047 1112 4117 12p10p0nens
1131 4048 1204 4101 com.

77 4142 249 4196 Gallmadius
320 4139 353 4192 18
370 4138 492 4192 iuditium
511 4143 537 4192 et
555 4139 596 4191 sic
614 4138 672 4203 fere
685 4152 791 4205 seraper
861 4134 916 4189 diei
936 4134 1008 4189 Gall.
1079 4134 1111 4187 19
1128 4135 1204 4187 tenc-

73 4227 161 4281 brisa
230 4241 351 4295 gomorra
419 4224 453 4277 25
469 4223 551 4277 bahal
620 4223 653 4277 26
671 4222 810 4278 Chorcbo
878 4220 911 4274 28
930 4219 1133 4274 circumferendo

73 4313 107 4366 29
124 4314 218 4367 ferocis
236 4312 316 4367 maris
334 4310 508 4379 dispumaniis
524 4311 556 4373 V,
574 4308 673 4363 feroces
690 4326 724 4363 m.
743 4307 919 4377 dhpumantia
937 4324 968 4376 υς
990 4322 1038 4360 em,
1060 4305 1132 4360 (lull.

30 4400 207 4472 ‘nm
1083 4408 1099 4461 s
