3050 5000
280 331 322 394 96
772 335 921 389 Luciferi

276 529 422 604 pouout;
436 530 464 590 ei
479 543 533 606 epo
546 524 668 605 [mium
682 522 791 588 bouem
807 523 953 610 aiteram,
978 530 1007 589 et
1022 527 1127 608 ipuem
1141 546 1208 590 uou
1223 527 1419 608 subponam.

279 633 308 691 et
330 628 465 694 clamate
487 628 526 690 iu
546 627 676 691 uomirre
703 626 832 690 deorum
858 631 1046 708 uestrorum,
1077 633 1107 694 ct
1128 649 1181 712 epo
1204 629 1356 695 clamabo
1382 632 1421 694 iu

279 731 406 794 uomiue
427 729 480 793 dei
501 729 575 808 mci,
598 729 706 792 eterit
724 727 778 792 iiio
799 729 876 793 deus
890 730 1077 812 quicumque
1092 733 1273 798 euaudiere'i
1296 753 1361 798 uos
1381 735 1420 798 iu

278 832 361 914 ique,
384 832 435 896 uic
456 834 518 896 erit
539 832 625 896 deus.
648 835 680 895 et
698 833 862 911 respoudit
882 835 984 898 omuis
999 835 1154 916 populus,
1185 839 1216 899 et
1237 836 1419 901 diueruut:

277 935 394 1000 bouum
413 935 545 1000 uerbum
572 935 655 1016 quod
682 935 804 1000 loeutus
832 941 876 1000 est
898 937 1023 1002 Helias.
1067 943 1097 1003 et
1117 938 1201 1004 dicit
1223 939 1347 1004 Helias
1373 941 1418 1004 ad
1443 962 1454 1000 s

275 1038 447 1120 prophetas
469 1038 688 1119 coufusiouis:
721 1038 826 1122 elipiie
853 1039 943 1104 uotis
970 1041 1110 1106 uitulum
1131 1063 1233 1106 uuum
1257 1049 1286 1107 et
1309 1043 1417 1124 facite

271 1143 406 1221 purus,
429 1143 582 1222 quopiam
596 1161 654 1206 uos
668 1142 764 1206 mulii
778 1143 861 1226 estis,
885 1147 913 1208 et
927 1143 1062 1208 clamate
1077 1145 1114 1208 iu
1129 1147 1258 1210 uomiue
1273 1148 1416 1212 deorum

275 1249 462 1328 uestrorum,
484 1250 513 1309 et
534 1246 641 1327 ipuem
662 1245 759 1310 uotite
780 1266 965 1328 supponere.
1005 1251 1033 1311 et
1056 1252 1243 1328 acceperuut
1261 1250 1415 1313 uitulum

273 1353 302 1411 ei
323 1348 472 1429 fecerum,
499 1353 529 1412 ct
549 1349 745 1414 iuuocabaut
767 1351 803 1414 iu
826 1350 955 1414 uomiue
969 1349 1061 1415 Boot
1083 1372 1105 1414 a
1126 1371 1220 1414 maue
1242 1371 1346 1433 usqae
1365 1354 1413 1416 ad

274 1471 448 1532 uesperam,
471 1456 500 1516 et
521 1452 683 1518 dicebaut:
704 1453 907 1532 exaudinos,
931 1452 1032 1534 Boot,
1057 1454 1176 1518 cuaudi
1198 1475 1267 1521 uos.
1292 1461 1324 1520 ei
1340 1476 1412 1520 uou
1427 1477 1448 1513 u

272 1558 339 1634 fuit
365 1557 437 1619 istis
463 1574 526 1619 uoe
558 1575 658 1637 oeque
683 1556 820 1620 auditio.
866 1561 894 1622 et
921 1558 1072 1638 apposuit
1099 1558 1214 1623 Helias
1243 1558 1413 1627 moeres

272 1659 396 1722 diceus:
428 1659 576 1722 inuocato
603 1660 641 1722 iu
661 1679 734 1724 uoce
756 1679 877 1742 mapua
895 1662 1031 1744 pariter,
1065 1681 1105 1726 ue
1126 1663 1209 1744 forte
1230 1669 1411 1746 occupatus

272 1763 314 1825 sit
335 1761 386 1826 uei
413 1761 553 1826 dormiet
580 1763 659 1843 mise,
686 1767 716 1826 ei
742 1763 957 1828 suscitabitur.
1002 1768 1031 1827 ot
1059 1764 1152 1828 iiimu
1181 1767 1346 1830 uocabaui
1368 1770 1409 1832 iu

270 1885 378 1930 uocem
398 1885 559 1947 uacuam
581 1870 610 1928 et
630 1866 779 1930 secederet
800 1884 832 1930 se
847 1867 1018 1932 secuudum
1032 1869 1289 1933 cousuetudinem
1306 1889 1407 1936 suam

270 1969 390 2048 piudiis
412 1973 440 2032 et
462 1968 631 2033 uouacuiis
652 1988 750 2050 usque
771 1969 815 2032 od
836 1969 1020 2048 effusiouem
1044 1971 1214 2053 scupuim's
1237 1991 1336 2054 super
1357 1993 1404 2058 se,
1419 1989 1442 2029 15

194 2059 199 2070 ’
270 2077 301 2136 et
316 2071 554 2154 prophetabaut
574 2090 672 2151 usque
692 2071 770 2135 dum
791 2072 946 2136 trausirei
967 2072 1126 2138 meridies.
1156 2073 1333 2153 etfaciam
1356 2081 1406 2139 est

270 2176 422 2255 quomodo
442 2179 565 2256 tempus
586 2179 655 2238 erat
675 2179 712 2238 at
733 2175 914 2240 acceuderet
937 2176 1139 2256 sacrificium,
1163 2181 1191 2241 ct
1214 2177 1340 2242 iocatus
1355 2184 1404 2243 est

270 2278 383 2343 Helias
402 2278 559 2342 iiiesiitcs
581 2278 626 2342 ad
643 2277 817 2358 prophetas
838 2279 964 2344 diceus:
985 2280 1132 2344 discedite
1153 2282 1275 2365 amodo,
1298 2287 1331 2346 et
1345 2304 1402 2365 epo

267 2383 390 2464 faciam
411 2381 690 2447 holocaustomata.
735 2386 765 2446 et
786 2382 996 2446 discesseruui
1017 2387 1045 2446 et
1067 2383 1224 2449 abieruut.
1262 2389 1291 2450 et
1315 2387 1403 2450 dicit

268 2485 383 2551 Helias
407 2486 451 2551 ad
468 2484 642 2567 poputum:
674 2485 808 2551 accedite
834 2486 877 2551 ad
905 2507 961 2551 me.
1006 2491 1034 2551 et
1063 2492 1260 2553 accesserunt
1288 2509 1401 2555 omues
1414 2502 1437 2541 2⁰

262 2591 380 2671 popuii
401 2589 444 2652 ad
466 2610 547 2668 euru,
570 2592 601 2653 et
621 2589 739 2671 accepit
760 2588 878 2653 Helias
899 2589 1061 2655 duodecim
1083 2590 1206 2671 lapides
1220 2593 1399 2657 secuudum

267 2713 436 2757 uummum
462 2692 563 2757 tribus
591 2692 709 2776 Israel,
743 2692 825 2755 sicud
853 2692 973 2757 locutas
1003 2696 1049 2757 est
1076 2693 1225 2759 domiuus
1251 2695 1296 2761 ad
1324 2716 1399 2759 eum

266 2798 394 2862 diceus:
425 2795 531 2861 Israel
565 2796 627 2859 erit
652 2814 767 2859 uomeu
794 2800 893 2859 turum.
939 2799 968 2859 et
996 2795 1181 2876 cedidouuit
1211 2796 1338 2878 lapides
1368 2803 1400 2863 ei

177 2880 178 2886 ἵ
266 2901 406 2965 restituit
419 2900 524 2963 uitare
538 2898 672 2981 domiui,
689 2897 773 2978 quod
784 2897 977 2977 dissipatum
988 2897 1106 2982 fuerat,
1121 2903 1150 2963 et
1163 2899 1240 2980 fecit
1251 2900 1397 2985 foueam,

265 3026 345 3087 quae
365 3008 488 3086 caperet
502 3003 584 3067 duas
605 3004 751 3065 metretas
772 3000 948 3086 sem<iu>is
969 3002 1007 3065 iu
1027 3021 1104 3084 puro
1126 3001 1243 3067 aitaris
1264 3007 1295 3067 et
1316 3024 1397 3069 cou-
1411 3017 1436 3057 ²⁵

263 3108 401 3189 stipauu't
421 3108 523 3171 scieas
545 3126 641 3189 super
662 3105 766 3170 attare
788 3106 869 3185 quod
890 3106 974 3187 fecit,
1003 3110 1033 3171 et
1053 3106 1282 3171 demembrauit
1303 3106 1395 3173 holo-

263 3215 408 3275 caustum
429 3214 457 3273 ei
478 3210 620 3291 imposuit
641 3209 760 3273 sciram
783 3213 811 3273 et
832 3210 972 3289 stipauit
992 3229 1087 3291 super
1104 3210 1218 3287 aiio-re,
1241 3213 1271 3273 et
1284 3209 1396 3275 discit:

264 3314 396 3394 occipite
417 3312 497 3376 miii
520 3317 657 3393 quatuor
677 3311 812 3393 hydrias
834 3332 936 3393 aquae
958 3317 986 3375 et
1007 3312 1160 3392 effuudite
1187 3333 1283 3393 super
1304 3313 1394 3379 hoio-

265 3420 411 3480 caustum
431 3420 462 3478 et
481 3435 576 3496 super
596 3416 724 3479 sciram.
748 3420 778 3479 ei
800 3416 900 3479 utcu:
921 3417 1035 3481 iterum
1057 3416 1186 3498 adferte.
1222 3421 1250 3481 ct
1271 3417 1393 3483 iterum

264 3518 458 3582 adtuleruui.
502 3523 530 3581 et
551 3518 651 3582 dixit:
678 3518 804 3598 repetiie
827 3518 927 3585 tertio.
969 3524 997 3581 et
1020 3522 1210 3599 repetierunt
1233 3521 1338 3602 tertio,
1363 3526 1392 3585 et
1405 3532 1433 3571 ³⁰

261 3623 415 3685 manabat
442 3642 528 3703 aqua
555 3623 592 3684 iu
614 3622 750 3685 circuitu
777 3622 927 3702 saororii,
962 3627 990 3686 et
1017 3624 1145 3705 foueam
1172 3621 1389 3703 impleueruut

262 3746 357 3806 aqua.
401 3734 428 3788 et
451 3724 605 3789 clamauit
626 3723 741 3788 Helias
761 3725 799 3788 iu
821 3723 944 3789 caetum
966 3728 996 3789 ei
1016 3725 1116 3790 dicit:
1137 3725 1287 3789 docuimus
1310 3726 1390 3791 deus

261 3827 426 3892 Abraham
447 3831 478 3891 et
499 3827 596 3893 Isaac
617 3832 646 3891 et
668 3826 783 3902 Israel,
813 3826 931 3891 exaudi
953 3848 1010 3908 me,
1038 3827 1175 3912 domiue,
1198 3828 1317 3893 exaudi
1340 3850 1389 3893 rue

312 4085 450 4139 laltersm
520 4083 553 4135 10
564 4098 701 4151 uesperum
770 4084 803 4135 14
815 4100 878 4138 uoce
890 4099 1015 4151 magnae
1085 4083 1117 4136 17
1130 4083 1268 4153 quomodo]
1282 4084 1387 4153 quando

257 4174 324 4239 sort.
394 4169 549 4223 ascenderet
566 4168 709 4238 Sabatier;
727 4170 863 4239 ἀναβῆναι
875 4168 925 4237 τὴν
936 4171 1039 4223 θυσίαν
1056 4170 1145 4224 LXX
1214 4170 1247 4223 18
1266 4178 1334 4225 aute
1353 4171 1387 4225 sd

258 4274 316 4311 ras.
334 4260 403 4310 4-5
421 4256 476 4309 itu.
546 4255 579 4307 20
597 4254 709 4308 accidire
780 4256 813 4308 25
832 4256 938 4309 seminis
957 4256 1104 4320 Latmius,
1123 4257 1201 4311 semis
1225 4258 1265 4311 Vo
