3050 5000
436 373 477 424 De
496 375 588 426 sancto
606 373 753 426 Athanasio
772 373 839 427 liber
855 375 875 428 I.
1180 377 1228 440 93

86 559 299 642 dormiebant,
322 561 476 641 qnoniam
498 562 594 624 timor
607 562 732 626 domini
745 562 896 627 inruerat
911 564 948 627 in
963 564 1045 629 ilios.
1068 568 1099 628 et
1112 569 1217 630 trans·

87 664 156 726 init
177 662 292 728 Danid
314 669 426 727 eontra
447 668 475 728 et
495 666 583 728 stetit
604 666 640 729 in
662 667 828 730 eaenmine
849 668 966 731 montis
983 667 1084 751 tonqa
1108 673 1221 732 eierat

86 787 245 849 mapnnm
266 768 328 830 iter
348 767 434 830 inter
455 787 513 832 eos.
552 773 581 832 et
602 771 788 849 deprecatus
814 775 857 834 est
881 768 994 835 Dauid
1011 771 1169 853 popmtnm
1191 777 1220 836 et

86 869 200 934 Abner
221 874 249 934 et
271 870 392 935 loentns
406 876 450 936 est
464 871 590 936 disens:
612 892 678 936 non
693 873 869 953 respondes,
893 873 1025 938 Abner?
1048 879 1078 939 et
1092 895 1221 956 respon

50 986 71 1024 ⁵
86 974 140 1038 dit
162 973 272 1039 Abner
293 978 322 1038 et
342 975 447 1038 dixit:
480 976 551 1056 qais
579 995 610 1039 es
639 981 674 1039 tn
702 978 759 1058 qni
781 995 875 1040 noaas
897 977 969 1040 me?
1001 977 1079 1057 qnid
1101 979 1169 1042 est?
1191 983 1220 1042 et

86 1077 176 1141 dixit
200 1075 312 1141 Danid
334 1078 377 1141 ad
398 1078 526 1143 Abner:
546 1079 602 1142 nir
622 1084 658 1142 ta
679 1098 719 1162 es,
744 1083 774 1143 et
795 1080 866 1160 qais
887 1081 971 1144 sient
983 1083 1019 1143 tn
1034 1081 1072 1144 in
1088 1082 1218 1146 Israel?

87 1201 189 1262 qnare
211 1202 277 1246 non
299 1181 437 1246 custodis
458 1181 622 1245 dominnm
644 1186 736 1245 taam
756 1184 882 1265 repam?
904 1184 1057 1263 qnoniam
1079 1184 1218 1248 intremit

85 1307 176 1351 mnas
201 1287 240 1350 de
261 1284 383 1367 pcpnio
411 1286 591 1368 disperdere
610 1283 775 1349 dominnm
805 1290 895 1349 taam
929 1307 1040 1369 reqem.
1086 1307 1152 1352 non
1174 1296 1218 1352 est

86 1394 206 1456 bonnm
229 1391 284 1455 hoe
305 1390 388 1472 qnod
409 1389 520 1470 fecisti.
558 1391 644 1453 niait
664 1391 821 1474 dominns,
846 1391 999 1471 qnoniam
1020 1391 1084 1472 {iiii
1106 1392 1215 1455 morti·

29 1512 67 1550 10
85 1497 252 1578 pisationis
266 1514 323 1558 nos
340 1497 425 1577 estis,
441 1494 498 1575 qni
510 1513 575 1557 non
587 1494 764 1557 custodistis
779 1494 942 1557 domninam
954 1513 1056 1576 reqem
1066 1502 1214 1579 nestram,

85 1601 242 1664 christum
264 1597 397 1662 domini.
425 1601 455 1660 et
476 1615 562 1661 nnne
583 1597 658 1661 nide
679 1597 735 1661 nbi
757 1602 801 1661 est
824 1597 936 1660 lancea
963 1597 1046 1679 repis
1073 1604 1102 1662 et
1123 1597 1217 1662 lentis

84 1723 190 1786 aqnne
211 1723 292 1784 qnae
314 1705 382 1766 erat
405 1701 448 1765 ad
469 1705 565 1781 capnt
586 1701 663 1764 eins.
707 1705 736 1764 et
758 1702 904 1783 eoqnom't
931 1722 988 1766 rea
1011 1701 1091 1766 Sani
1113 1723 1218 1766 noeem

85 1806 205 1871 Danid
227 1810 261 1870 et
272 1805 378 1869 dixit:
393 1804 627 1884 inopinatam,
642 1804 694 1885 pa·
708 1802 825 1868 Danid
833 1806 851 1868 .2
865 1823 976 1870 sernas
993 1810 1075 1880 tans,
1090 1806 1217 1869 domine

83 1931 153 1975 rea.
176 1914 206 1973 et
227 1909 343 1974 adiecit
366 1907 495 1972 Danid:
516 1912 553 1971 nt
574 1908 653 1988 qnid
673 1907 729 1972 noe
747 1911 950 1990 perseqnitnr
964 1910 1111 1974 dominns
1126 1931 1217 1976 mens

29 2033 65 2073 15
84 2018 171 2078 retro
194 2032 323 2077 sernum
344 2013 464 2076 snam?
486 2012 639 2092 qnoniam
662 2012 739 2091 qnid
761 2013 881 2094 deliqni
903 2017 934 2076 et
954 2033 1035 2094 qnae
1057 2018 1102 2077 est
1123 2033 1144 2077 a
1166 2035 1215 2078 me

83 2115 240 2180 matitia?
262 2120 291 2178 et
312 2133 399 2179 nane
421 2114 535 2190 audiat
556 2114 705 2178 dominns
727 2135 814 2179 mens
840 2135 896 2180 rea
917 2121 1015 2182 neria
1043 2119 1129 2181 serni
1150 2120 1211 2200 sni,

82 2222 115 2284 si
148 2221 294 2284 dominns
321 2219 397 2282 dens
423 2218 541 2281 inentit
568 2221 596 2280 te
624 2219 662 2280 in
691 2237 794 2281 meam
822 2218 961 2284 dotorem
994 2224 1024 2284 et
1044 2221 1212 2286 nietimam

82 2321 313 2387 immolationis
319 2344 331 2401 ‚·
358 2321 441 2402 qaod
467 2321 498 2384 si
523 2320 588 2402 iiiii
615 2320 795 2405 hominnm,
825 2321 987 2386 maledieti
1015 2323 1050 2386 m·
1076 2326 1112 2387 in
1140 2345 1213 2390 eon-

83 2433 191 2511 speeta
213 2426 345 2509 domini,
369 2426 523 2508 qnoniam
545 2425 699 2489 eiecerunt
720 2443 768 2488 me
790 2425 882 2489 hodie
903 2446 968 2489 non
990 2429 1212 2510 confirmatam

28 2550 64 2589 20
81 2552 149 2597 esse
170 2533 208 2596 in
231 2535 450 2595 testanwntnm
471 2530 596 2593 domini
611 2530 766 2595 amans:
788 2532 880 2614 made,
903 2532 990 2595 serni
1005 2532 1069 2597 diis
1085 2534 1210 2599 alienis.

82 2642 112 2701 et
136 2657 221 2708 nane
243 2656 308 2699 non
330 2636 418 2701 eadet
445 2635 580 2717 sanquis
600 2654 687 2698 mens
714 2636 752 2697 in
780 2640 896 2699 terram
919 2640 992 2698 ante
1014 2642 1211 2717 conspectam

81 2742 222 2826 domini,
256 2740 409 2821 qnoniam
437 2740 514 2803 exiit
541 2758 599 2802 ren
626 2737 731 2803 Israel
758 2758 908 2819 qnaerere
932 2739 1071 2818 pntioem
1098 2761 1209 2826 annm,

79 2845 165 2909 sient
181 2845 384 2926 persequitur
406 2848 521 2907 nootna
543 2844 581 2906 in
602 2842 770 2907 mentions.
793 2848 821 2906 et
844 2843 929 2907 dixit
950 2840 1047 2906 Sani:
1064 2846 1209 2926 pemani,

80 2952 235 3026 sonante,
268 2948 320 3029 siti
341 2945 471 3031 Dauid,
505 2947 657 3027 qnoniam
685 2968 750 3011 non
779 2947 979 3029 matiqnabor
1008 2948 1044 3009 in
1073 2952 1101 3011 te
1131 2949 1208 3032 iam,

27 3064 61 3104 25
78 3052 153 3115 ideo
176 3051 329 3131 qnoniam
350 3052 462 3113 anima
484 3070 554 3114 mea
577 3053 704 3131 aeeepta
719 3053 764 3114 est
779 3054 854 3113 ante
869 3049 973 3113 oenios
987 3054 1056 3113 taos
1074 3050 1110 3112 in
1126 3051 1210 3114 diem

78 3155 176 3228 tenne,
193 3155 230 3216 in
245 3174 305 3234 qno
321 3154 437 3217 stnttns
451 3153 649 3233 fastuosam,
673 3157 703 3217 et
716 3154 868 3234 iqnorani
884 3153 986 3215 malta
1001 3152 1206 3217 uehementer.

77 3262 110 3321 et
132 3256 296 3339 respondit
317 3254 432 3320 Danid
453 3258 579 3321 dicens:
601 3277 665 3320 eeee
681 3257 793 3320 laneea
807 3257 901 3338 repis,
926 3255 1054 3320 aeeednt
1068 3276 1153 3319 anns
1169 3276 1217 3319 ea'

70 3360 191 3443 pneris
212 3364 241 3423 et
259 3360 398 3441 aeeipiat
411 3380 490 3423 eam.
512 3365 540 3423 et
555 3360 701 3425 dominns
716 3360 862 3423 restitaat
877 3359 1049 3440 unicnique
1063 3360 1206 3423 mestitias

77 3468 110 3527 et
125 3462 220 3545 fidem
234 3481 336 3546 snam,
360 3464 441 3527 sient
458 3462 594 3540 tradidit
616 3467 644 3526 te
658 3462 749 3526 hodie
763 3464 802 3525 in
817 3462 966 3525 manibns
981 3462 1058 3525 meis
1073 3464 1101 3524 et
1115 3461 1207 3526 notai

28 3580 61 3620 ³⁰
77 3566 200 3630 inicere
222 3585 354 3629 mamam
368 3585 472 3629 meam
489 3566 526 3629 in
545 3564 699 3629 ehristnm
713 3565 846 3631 domini.
870 3584 935 3629 esee
949 3564 1032 3629 sient
1046 3563 1204 3628 eaattam't

77 3690 112 3735 se
135 3670 248 3733 anima
270 3674 327 3733 tna
349 3670 386 3733 in
407 3668 492 3734 diem
512 3668 596 3734 tinne
613 3672 688 3733 ante
702 3670 806 3733 oentos
825 3686 916 3749 meos,
941 3669 987 3732 sie
1009 3668 1207 3749 siqnifiaetnr

78 3773 195 3836 anima
217 3792 287 3837 mea
308 3773 346 3835 in
367 3777 531 3853 conspecta
552 3772 686 3853 domini,
710 3776 740 3835 et
761 3771 904 3852 abripiat
925 3791 973 3835 me
995 3775 1023 3834 et
1045 3775 1136 3835 mant
1157 3791 1206 3835 me

6 3914 8 3919 ·
77 3895 120 3940 en
135 3874 280 3939 ammons
294 3874 562 3940 tribnlationiins.
586 3878 616 3938 et
629 3875 713 3939 dixit
729 3875 811 3941 Sani
826 3875 869 3938 ad
884 3873 1009 3939 Danid:
1028 3874 1205 3939 benedictas

78 3984 127 4054 tn,
149 3979 211 4060 nti,
236 3983 264 4042 et
289 3976 425 4063 <faeies>
450 3978 572 4058 faciens
594 3980 625 4041 et
641 3982 754 4057 potens
769 3978 901 4058 poteris.

130 4130 163 4183 12
182 4146 293 4198 oq3quao
388 4131 420 4184 16
439 4132 479 4183 sui
498 4148 547 4185 om.
566 4149 582 4184 o
679 4131 710 4182 17
729 4133 790 4184 tuus
809 4131 904 4183 incutit
922 4133 949 4183 te
967 4132 995 4183 in
1013 4148 1062 4195 me,
1083 4129 1211 4183 odoretur

74 4218 215 4272 uictimam
233 4216 370 4270 Latinius
440 4218 472 4270 19
491 4221 631 4285 egooomnt
699 4216 733 4269 32
751 4219 917 4285 conspectum
935 4234 968 4270 m.
987 4222 1002 4270 1
1072 4215 1106 4267 34
1123 4213 1210 4267 facies·

74 4304 144 4358 add.
166 4302 349 4365 Gennadius,
367 4308 455 4354 ποιῶν
473 4303 596 4370 ποιήσεις
613 4302 701 4356 LXX
