3050 5000
355 379 419 444 190
845 378 993 433 Luciferi

355 568 541 633 nocentem?
563 567 715 649 numquid
737 568 863 650 fugerat
884 568 916 634 te
941 569 1056 635 dixisse
1074 569 1237 635 dominum
1260 570 1348 635 beato
1362 572 1436 637 Petro:

355 676 500 739 romaric
526 672 674 755 alodiam
695 674 785 737 taam
801 672 837 736 ia
852 670 918 737 toea
933 691 998 738 sao.
1023 693 1129 738 omnes
1145 675 1232 738 enim
1248 675 1305 755 qai
1319 677 1438 757 accipiam
1459 684 1460 697 ¹

353 777 501 863 cladium
524 775 635 858 eladio
659 777 840 858 peribant?
884 778 959 861 quid
983 777 1113 854 interea,
1137 776 1314 854 Constanti,
1343 779 1438 855 actum,

355 881 409 963 qui
429 880 553 944 tantam
575 879 694 943 Christi
717 880 768 944 dei
792 882 876 946 unici
898 881 956 945 filii
980 899 1141 945 seruorum
1156 880 1353 945 interemeris
1365 882 1438 944 multi-

354 984 518 1049 tudinem?
557 981 647 1047 uides
670 984 787 1048 etenim
812 1004 883 1049 eum
906 1004 1000 1067 quem
1022 984 1053 1047 in
1076 1002 1132 1048 nos
1155 984 1351 1065 persequeris
1371 984 1452 1047 dcere

357 1087 443 1170 quod
465 1106 571 1151 ornnes
592 1085 648 1168 qai
668 1086 818 1170 eludium
841 1089 1006 1169 eremium
1020 1086 1128 1169 eladio
1141 1090 1220 1151 sant
1228 1087 1375 1168 perituri.
1392 1088 1437 1169 quid

358 1191 555 1273 acceptnms
579 1192 633 1273 qni
656 1188 716 1254 nisi
731 1191 857 1255 ueniam
880 1190 1053 1256 facinorum
1069 1190 1195 1255 tuorum
1212 1190 1345 1255 credens
1357 1191 1383 1253 in
1396 1210 1440 1253 om

354 1315 449 1378 quem
470 1313 569 1378 negas
591 1295 688 1360 fueris
711 1296 912 1373 consecutus,
936 1295 1032 1359 toties
1055 1295 1206 1359 merearis
1231 1295 1265 1359 ot
1289 1293 1437 1376 quidemdei

352 1399 475 1482 percuti
490 1398 608 1481 gladio,
632 1398 755 1481 quoties
777 1398 813 1461 tu
829 1398 1025 1479 percusseris
1050 1398 1117 1462 eius
1133 1397 1324 1462 clementiae
1338 1398 1437 1461 dicatos?

354 1504 424 1587 quis
453 1505 546 1568 homo
570 1501 621 1565 dei
644 1501 862 1567 sacerdotibus
884 1502 1094 1584 inponendam
1123 1502 1230 1565 dixisti
1261 1501 1451 1566 necessitatem

354 1608 396 1673 ad
420 1606 582 1672 absentem
603 1605 853 1686 percutiendum,
879 1606 919 1669 ad
941 1606 1119 1671 inauditum
1140 1605 1344 1687 puniendum,
1365 1605 1396 1667 od
1410 1606 1437 1667 io-

354 1709 496 1774 nocentis
511 1708 705 1773 modenulam
722 1709 929 1790 sanguinem?
945 1728 1000 1773 cnr
1015 1708 1143 1774 noluisti
1159 1708 1264 1773 audiri
1277 1708 1436 1773 Athanasim

353 1812 612 1879 consacerdotem
628 1813 770 1875 nostrum
788 1830 806 1875 a
821 1811 931 1877 nobis?
948 1830 1003 1875 cur
1019 1812 1063 1876 sic
1080 1830 1167 1876 more
1182 1812 1342 1876 latrormm
1356 1810 1437 1874 aconito

354 1936 412 1982 nos
433 1905 578 1999 iugulare
601 1914 652 1978 dei
673 1914 832 1978 hominem
855 1914 1024 1979 uolueras?
1045 1912 1106 1977 nisi
1129 1914 1203 1995 quia
1227 1915 1272 1979 sis
1297 1932 1333 1978 ex
1351 1914 1436 1989 illicio

355 2040 488 2105 qnorum
512 2018 782 2100 exprobrationem
805 2018 929 2099 prolata
958 2017 1021 2082 sint
1042 2019 1138 2083 haser
1167 2038 1262 2083 nemo
1284 2018 1404 2082 asmodi
1418 2017 1450 2077 in

355 2124 478 2191 eaelum
500 2124 567 2188 misi
589 2123 647 2205 qai
668 2122 707 2187 de
728 2122 813 2188 eaelo
834 2122 1005 2207 deseendit,
1027 2122 1116 2204 filias
1138 2121 1282 2187 homimis
1304 2123 1355 2203 qai
1372 2124 1404 2185 est
1417 2121 1436 2181 io

341 2228 461 2314 'caelia
484 2228 675 2293 sicutenim
699 2226 828 2309 Moyses
850 2227 1009 2292 exaltarat
1030 2230 1204 2307 serpentem
1225 2227 1264 2290 r'a
1287 2222 1436 2305 desertare

353 2337 475 2415 oportet
497 2330 638 2398 exaltari
664 2330 771 2413 {iiiam
794 2331 940 2411 tantais,
969 2335 1007 2393 at
1026 2330 1130 2395 amois
1152 2331 1207 2412 qm
1230 2329 1435 2396 creditorem

353 2438 466 2504 tabeat
487 2438 592 2504 uitam
614 2440 788 2502 aetermam.
834 2436 881 2502 sie
911 2436 996 2501 mim
1024 2436 1100 2500 deas
1123 2434 1281 2500 marociam
1302 2432 1404 2509 diderit,
1417 2432 1436 2492 oi

353 2542 460 2626 filiam
481 2561 575 2606 mam
597 2542 729 2606 amicam
749 2540 851 2620 daret,
874 2546 910 2606 at
932 2542 1034 2605 ommis
1062 2541 1118 2623 qai
1140 2539 1242 2605 credit
1265 2540 1304 2602 ia
1324 2555 1384 2604 eam
1399 2545 1450 2596 mre

349 2648 471 2730 pereat,
488 2645 542 2710 sed
557 2645 662 2709 emam
675 2648 840 2710 aeternam
855 2643 976 2710 haheat.
1001 2663 1066 2709 aaa
1080 2643 1166 2709 eaim
1180 2643 1274 2708 misit
1288 2642 1359 2708 ders
1369 2637 1435 2721 fitius

351 2767 448 2813 suam
469 2748 507 2810 ia
522 2747 679 2812 maedam
692 2750 729 2811 et
742 2747 859 2813 iudicet
873 2747 1039 2826 mandam,
1062 2748 1117 2813 sed
1131 2751 1169 2811 at
1181 2747 1329 2812 soluetur
1341 2743 1435 2808 mardos

348 2871 412 2933 per
432 2851 550 2932 ipsam.
573 2850 643 2914 ideo
664 2850 721 2931 qai
743 2851 843 2915 eredit
865 2851 902 2915 ia
924 2871 996 2915 eam
1017 2871 1083 2916 aaa
1098 2851 1286 2932 radiemur,-
1306 2849 1434 2932 quinam

354 2973 420 3019 aaa
442 2953 543 3019 eredit
563 2953 602 3016 ia
623 2973 695 3018 eam
715 2955 785 3018 iam
812 2954 975 3019 iudicatas
997 2959 1051 3040 est,
1086 2955 1166 3035 qaia
1191 2973 1259 3018 aaa
1287 2952 1402 3020 eredidit
1415 2949 1434 3009 io

352 3059 482 3124 nomiae
503 3057 596 3122 amici
619 3056 684 3139 erra·
699 3057 760 3122 dei.
784 3057 841 3122 toa
857 3062 901 3122 est
916 3063 1022 3123 autem
1036 3057 1203 3136 iudicium,
1227 3050 1449 3140 quamam

353 3163 390 3227 ia
405 3163 572 3242 maedam,
589 3159 811 3226 etdileaeraat
822 3161 963 3228 domines
974 3161 1086 3242 petias
1098 3161 1239 3227 tenebras
1254 3180 1348 3244 qaam
1358 3158 1433 3228 tricem¹

351 3271 445 3332 erant
467 3266 555 3331 emim
575 3284 674 3346 opera
695 3264 825 3329 illamam
846 3265 944 3330 maia.
989 3266 1091 3330 manis
1112 3266 1169 3348 qai
1184 3285 1299 3348 praua
1325 3263 1382 3346 acii
1396 3257 1434 3322 edii

353 3370 451 3434 dacem
474 3373 503 3434 et
524 3387 590 3432 aaa
611 3367 701 3432 uenit
723 3368 761 3431 ia
784 3368 894 3446 lacem,
923 3373 959 3433 at
986 3389 1053 3434 aaa
1075 3373 1260 3452 arceantur
1282 3386 1370 3450 opera
1386 3362 1433 3426 eim·

353 3491 431 3539 mam
457 3473 514 3554 qai
542 3473 625 3554 facit
652 3473 819 3536 ueritatem
847 3473 937 3538 uenit
964 3474 1002 3538 ire
1031 3474 1141 3558 lacem,
1174 3477 1210 3537 at
1237 3467 1434 3551 manifestetur

351 3594 449 3656 opera
471 3575 548 3651 eius,
576 3576 730 3657 quoniam
751 3575 790 3639 ia
811 3575 867 3641 deo
890 3581 935 3641 est
963 3576 1094 3657 factam.
1140 3576 1167 3640 si
1190 3593 1317 3640 seruum
1336 3573 1364 3636 te
1381 3562 1450 3631 micii

350 3694 559 3760 cognosceres
582 3677 634 3742 dei
656 3677 723 3755 filii,
747 3698 918 3761 numquam
940 3678 1080 3761 proiecto
1105 3678 1172 3743 eius
1192 3675 1379 3742 maiestatem
1399 3686 1433 3731 ne

349 3798 454 3863 geres,
478 3798 649 3862 numquam
672 3780 739 3846 eius
762 3799 872 3846 seruos
893 3799 973 3845 nunc
998 3781 1122 3846 occulte
1137 3799 1218 3846 nunc
1236 3779 1355 3863 publice
1372 3775 1433 3853 ingir-

453 3915 584 3971 auam.
602 3917 646 3985 aa,
664 3917 698 3970 sa
768 3917 872 3973 151011.
890 3918 915 3982 a,
936 3918 1035 3972 ra-ar

401 4053 528 4107 5nideas
547 4053 659 4119 Coleti,
731 4054 1100 4125 nobiseaspectes;oedef.
1119 4059 1182 4118 172,
1202 4059 1298 4110 12.13
1379 4057 1432 4116 pene-

351 4142 454 4225 qnaeris
531 4140 717 4209 iacceptnros
795 4141 910 4212 Snegas
929 4143 1040 4213 scripsi,
1058 4157 1159 4211 negans
1181 4142 1220 4196 Va
1296 4139 1328 4194 10
1343 4136 1376 4205 qui
1389 4125 1431 4185 0⁰⁸5·

351 4227 502 4296 Laiiaim5
520 4227 556 4293 ef,
574 4231 637 4289 102,
656 4231 694 4281 17
759 4227 937 4294 duxistisort.
1007 4228 1041 4283 28
1058 4231 1087 4282 et
1098 4243 1151 4282 non
1163 4226 1313 4282 milacem
1328 4237 1391 4278 mu

351 4314 476 4380 arguatur
543 4312 578 4366 30
594 4314 657 4366 eunt
674 4311 749 4367 facta
766 4319 905 4384 exspectes
