3050 5000
459 349 501 404 De
519 352 612 404 sanctu
630 350 777 406 Athanasio
795 352 863 406 liber
880 352 900 408 1.
1185 355 1249 422 125

117 539 277 621 ruptihilis
297 540 517 606 inenarrabilis
539 541 573 604 ct
593 541 852 620 incanuertibilis
887 543 989 626 qualis
1019 545 1068 610 eet
1096 545 1128 609 et
1156 544 1247 610 euius

119 643 170 708 est
189 642 291 718 filius;
325 662 386 709 uon
415 663 487 709 eum
520 645 659 728 suscepti
687 645 823 710 heminis
850 663 947 710 causa
974 647 1006 710 in
1037 647 1124 711 aliud
1152 665 1246 730 quam

119 747 204 829 qued
224 765 349 829 semper
370 746 431 812 luit
456 748 561 830 putuit
588 749 782 825 concutere,
812 749 1065 832 quandoquidem
1092 749 1125 814 in
1146 750 1248 816 forma

119 849 162 912 sit
184 847 237 913 <lei
258 849 359 931 patris
380 849 440 927 sui,
470 849 727 933 quandoquidem
757 850 800 916 sit
828 850 968 934 aequalis
989 849 1074 916 filius
1096 852 1188 934 patri,
1211 854 1249 917 ut

94 951 217 1017 trefert
237 953 440 1018 beatissime
461 952 639 1034 aesculus:
662 954 812 1036 pai-cam
833 953 1159 1038 informitatem,
1181 974 1248 1022 aaa

118 1059 165 1120 cst
184 1057 339 1137 rapinam
351 1056 530 1121 mutatas
542 1075 607 1122 cum
627 1076 660 1121 sc
680 1057 845 1138 aequatem
867 1057 933 1140 dae,
955 1057 1010 1122 sect
1031 1059 1247 1139 semetipsam

118 1160 305 1225 aciaaaiait
335 1160 475 1241 famas
504 1160 665 1242 accipiens
691 1162 791 1228 scria.
836 1179 898 1226 nou
931 1161 1014 1226 enim
1047 1161 1123 1244 quia
1151 1161 1246 1228 dixit:

120 1268 216 1328 semet
226 1263 335 1344 psam
343 1264 539 1343 caiaaaissit
554 1265 694 1346 formam
702 1265 789 1329 sarai
800 1264 969 1346 accipiens,
983 1265 1062 1330 deus
1075 1264 1127 1330 dei
1136 1265 1249 1331 unicus

120 1367 206 1432 lilius
223 1367 309 1432 uliud
322 1366 394 1432 fieri
406 1366 509 1449 patuit
525 1385 562 1430 ex
576 1366 642 1445 illo,
657 1364 744 1448 quud
759 1367 810 1430 est
823 1366 1069 1449 incorruptibilis
1083 1368 1246 1433 inenarra-

82 1489 108 1527 ιο
120 1470 194 1536 bilis
215 1469 420 1547 inmutabile,
443 1489 516 1536 cum
539 1470 581 1535 sit
603 1489 728 1552 semper
749 1470 782 1534 in
806 1488 842 1535 eu
858 1471 944 1534 statu
960 1471 1105 1536 aeternae
1120 1472 1247 1554 magni-

120 1572 241 1638 tudinis
261 1591 402 1650 manens,
423 1573 457 1638 in
480 1592 540 1656 que
563 1573 606 1638 sit
625 1591 757 1638 manens
780 1573 812 1637 et
835 1572 903 1638 eius
924 1575 1022 1655 pater.
1061 1575 1118 1639 sed
1139 1575 1249 1657 ulique

121 1676 336 1759 intellegimus
360 1675 436 1758 quid
451 1676 494 1740 sit
508 1678 564 1743 scd
576 1677 792 1757 semetipsam
808 1677 1000 1755 camaamit,
1017 1679 1076 1742 huc
1093 1679 1151 1756 est
1176 1697 1248 1743 cum

121 1781 163 1846 sit
186 1780 298 1845 similis
322 1780 417 1862 atque
440 1779 583 1861 aequalis
604 1779 687 1861 patri
700 1778 796 1856 lilius,
819 1780 926 1844 tamen
941 1781 1028 1862 qued
1045 1782 1077 1845 et
1090 1781 1249 1847 hominem

121 1902 156 1948 se
178 1885 305 1966 prepter
326 1884 467 1949 nestram
488 1884 626 1948 salutem
646 1883 717 1948 tisri
739 1883 883 1948 uoluerit.

83 2002 110 2042 1⁵
163 1987 330 2053 XXXIIII.
348 1986 429 2053 (tum
442 1987 550 2069 itaque
563 1987 601 2052 tu
615 1986 835 2051 antchfistum
851 1985 1027 2068 susceperis
1041 2006 1097 2069 pre
1111 1987 1248 2068 Christo,

123 2091 198 2175 quia
219 2109 253 2155 re
276 2109 353 2156 uera
366 2090 421 2156 ille
435 2090 546 2171 faerit,
567 2091 720 2171 quemodo
735 2089 923 2171 confuerit,
947 2109 1010 2171 qua
1027 2090 1128 2156 trente
1146 2092 1247 2156 adlnac

124 2215 158 2262 es
190 2195 342 2260 resistens
371 2193 574 2270 Christianis,
606 2192 668 2257 nisi
699 2193 757 2256 illa
790 2211 853 2274 qna
884 2193 987 2257 sclent
1021 2193 1052 2256 et
1086 2194 1250 2259 adulteres

123 2298 267 2381 pudicis?
290 2316 385 2362 ausus
402 2296 490 2362 fiunti
510 2296 666 2379 temptare
690 2296 843 2361 demirari
857 2295 941 2361 uelle
958 2295 1009 2360 dei
1024 2297 1148 2378 papule,
1172 2299 1249 2363 sub-

121 2403 208 2467 icere
228 2401 315 2466 uelle
338 2399 506 2466 eeclesiam
529 2399 581 2464 dei
595 2400 650 2464 tue
665 2416 772 2481 regna,
797 2398 936 2464 diuinum
950 2399 1149 2465 maiestatem
1164 2399 1251 2466 illius

87 2507 249 2571 utentum
270 2505 465 2571 metuentem
485 2503 541 2569 tue
563 2503 662 2567 futtili
682 2502 830 2584 imperim
856 2504 888 2567 et
909 2504 968 2567 hcc
992 2502 1120 2585 quidem
1134 2504 1249 2584 fecisti,

125 2610 201 2693 quia
221 2608 367 2673 nesciens
395 2608 440 2672 sis
467 2606 618 2689 scriptum
644 2624 716 2671 esse
746 2605 786 2670 de
813 2606 905 2671 uubis
931 2606 1086 2689 tyrannus:
1115 2612 1251 2689 prepter

125 2713 182 2781 tec
202 2712 471 2793 indisciplinatae
492 2711 622 2775 acimac
636 2714 846 2789 macerant·
868 2709 945 2775 tum
960 2710 1045 2775 caia
1056 2730 1250 2791 persuasoria

125 2817 240 2883 tabeat
260 2816 370 2897 iniqui
394 2834 483 2897 pesse
511 2834 542 2879 se
572 2814 737 2879 eamearn?
764 2813 894 2879 actioni
920 2818 1116 2890 sacacium,
1147 2815 1252 2881 aiaeet'

125 2924 328 2986 tcwtramm
349 2920 470 2985 catcais
491 2923 521 2983 ct
534 2918 630 3001 lappa
646 2921 733 2983 accte
748 2916 923 2999 compediti,
947 2918 1067 2982 iactasi
1081 2919 1138 2982 sab
1152 2919 1251 3003 tectis,

89 3024 271 3108 ufafitiai.
316 3024 472 3106 conspicis
501 3023 566 3087 iam
592 3023 626 3086 te
655 3040 725 3086 esse
752 3020 835 3086 inter
863 3020 935 3085 illes
966 3020 1018 3086 dei
1046 3021 1153 3103 pepuli
1175 3038 1250 3102 per-

126 3130 297 3207 secutores,
322 3127 361 3192 dc
384 3127 497 3210 quibus
510 3125 628 3208 legisti,
653 3125 737 3207 qued
750 3145 821 3189 aaa
835 3130 946 3189 catatu
961 3125 1161 3189 tenebrarum
1176 3130 1252 3191 suat

125 3252 231 3298 amaea
253 3232 404 3316 colligati,
427 3232 460 3295 et
479 3230 611 3295 iterum:
633 3230 725 3312 digia
745 3228 872 3309 quictem
894 3227 946 3292 itti
967 3247 1073 3293 carcre
1094 3228 1200 3293 tunica
1221 3232 1252 3292 et

122 3338 198 3418 pati
219 3355 374 3402 aarum
396 3333 603 3415 maram,
626 3334 685 3414 qai
705 3331 843 3397 iactamus
858 3330 1038 3396 camiliani
1056 3331 1142 3413 titios
1170 3335 1251 3416 taes,

122 3459 281 3522 peraeae
302 3438 475 3519 incipiebat
501 3439 724 3517 incorruptam
752 3434 829 3518 lepis
858 3434 964 3499 tumea
992 3435 1079 3499 uitae
1106 3434 1252 3499 cacitas

91 3544 213 3612 acaci.
236 3564 275 3609 an
296 3543 428 3626 negabis
451 3541 502 3605 dei
525 3539 683 3605 antistites
704 3539 737 3603 te
758 3538 867 3602 tenere
889 3537 922 3601 in
945 3536 1112 3602 claustris?
1140 3538 1174 3601 et
1196 3554 1252 3601 cur

131 3666 165 3712 es
188 3648 352 3711 detinens?
374 3664 413 3709 ne
435 3643 654 3726 praedicemus
676 3642 763 3707 certe
780 3640 831 3706 dei
846 3640 959 3723 populo
982 3641 1173 3706 ueritatem?
1196 3658 1253 3705 cur

231 3934 416 3999 5Phi1.a‚c
483 3932 516 3986 21
536 3933 595 4001 Sap.
615 3932 656 3995 17,
676 3931 734 3985 La
802 3929 949 3995 aurula,
970 3931 1002 3983 17
1071 3932 1254 3998 aaib.18,4

182 4160 282 4249 ialiut
300 4190 464 4263 quodquam
533 4191 565 4245 12
584 4190 652 4259 quod
665 4207 686 4245 a
754 4187 940 4241 30antestites
1008 4190 1107 4257 tenere]
1126 4206 1174 4243 nos
1187 4191 1255 4247 add.

132 4282 267 4336 Latinius
336 4296 381 4334 cur
398 4296 425 4334 es
444 4278 554 4347 scripsi,
572 4293 631 4331 cum
648 4292 691 4331 res
711 4276 743 4341 V,
761 4289 820 4328 cum
837 4288 899 4327 esc
