3050 5000
448 353 491 407 De
508 356 600 407 sancto
618 309 764 407 athanasio
782 353 850 407 Iiber
866 352 899 408 11.
1176 356 1236 421 197

108 542 283 609 reoiomre.
327 546 405 606 scot
425 542 511 607 enim
531 541 626 607 motti
648 547 744 607 etiem
766 561 831 607 non
861 542 988 623 subditi,
1017 541 1188 623 oooiioqni
1210 545 1240 606 et

110 648 298 728 deceptores,
321 647 460 711 coccino
486 646 543 727 qui
571 666 609 711 cc
636 647 874 711 circumcisione
902 651 986 725 scot,
1021 664 1096 728 pisos
1121 649 1239 728 opoitet

110 750 276 833 redcrpci,
309 750 366 831 poi
392 749 564 814 uniuersos
591 749 698 814 conos
725 754 870 815 coemam
901 750 1043 817 docentes
1071 770 1152 831 ocae
1173 770 1239 815 oon

109 856 235 934 oportet
255 852 360 934 tcrpis
388 852 472 917 locri
490 847 608 935 pretio.
653 873 726 919 cum
752 855 849 937 igitur
878 856 976 920 telem
1004 857 1142 921 noluerit
1170 858 1238 939 epi-

82 973 246 1040 ⁵scopnm
267 956 347 1035 fieri,
378 957 432 1040 qui
453 958 532 1022 hanc
555 958 715 1022 tenentem
744 958 868 1023 uiueret
889 959 974 1023 uiam
996 959 1146 1038 institiae,
1178 978 1240 1043 qua

108 1061 150 1125 tn
166 1060 356 1127 auctoritate
371 1060 413 1125 ed
428 1060 624 1125 excludenda
637 1061 790 1125 mandata
803 1062 889 1126 besti
905 1056 1037 1143 apostoli
1053 1081 1136 1127 noua
1150 1083 1239 1145 prae-

111 1167 210 1246 cepta
241 1163 317 1228 dare
349 1163 494 1246 dignatus
523 1169 580 1229 es?
607 1183 645 1228 es
672 1164 825 1228 uidelicet
853 1184 933 1246 quae
963 1183 1000 1229 ex
1028 1166 1145 1231 diaboii
1172 1185 1240 1231 esse

112 1267 285 1331 noscantur
307 1267 377 1332 orta
397 1267 570 1331 uoluntate.
616 1267 776 1350 apostolus
803 1284 854 1330 me
877 1286 938 1332 non
960 1267 1156 1345 necandum,
1180 1286 1240 1332 non

112 1388 332 1451 percussorem
355 1371 425 1435 uult
445 1370 524 1449 fieri,
548 1371 582 1435 et
601 1371 637 1434 tn
658 1388 710 1433 me
724 1368 916 1433 homicidam
938 1370 987 1435 uis
1010 1369 1102 1435 effici.
1128 1371 1240 1453 quibus

73 1473 398 1555 10exrebnspotest
424 1472 533 1556 colligi
561 1473 706 1555 spititnm
732 1472 877 1537 sanctum
903 1472 1045 1537 locutum
1073 1493 1126 1539 ore
1155 1475 1241 1539 beati

116 1576 262 1658 apostoli,
278 1577 422 1659 spiritum
437 1594 512 1642 uero
527 1594 663 1659 nequam
676 1576 818 1641 locutum
834 1594 888 1641 ore
903 1576 1009 1641 uestro
1025 1576 1239 1643 Animorum.

116 1679 274 1761 conspicis
293 1680 417 1745 interea
444 1679 612 1745 mandasse
642 1679 827 1761 apostolum,
856 1679 893 1743 ui
918 1697 977 1744 uos
1003 1680 1132 1745 ueritati
1159 1680 1241 1745 resi-

116 1780 239 1846 stentes
259 1782 465 1847 indentemini
494 1781 633 1865 episcopi
658 1781 848 1858 interuentu,
878 1781 915 1845 ut
942 1800 998 1864 per
1027 1800 1135 1847 sanam
1165 1781 1242 1847 doe-

115 1884 233 1949 trinam
255 1886 364 1951 nestrs
384 1887 496 1968 punita
517 1885 603 1951 esset
622 1884 827 1970 blasphemie
851 1892 912 1950 non
927 1884 968 1949 sd
985 1886 1043 1949 hoc
1063 1886 1148 1951 bes‘d
1164 1903 1242 1967 spo-

76 1998 103 2037 1⁵
118 1985 193 2051 stoli
214 1987 331 2069 protuli
354 1988 474 2053 dictum
495 1993 632 2069 oportere
658 1988 840 2069 episcopum
861 1988 931 2052 sine
952 1989 1086 2051 crimine
1106 2007 1178 2067 esse,
1207 1988 1243 2050 nt

117 2108 172 2155 me
191 2090 391 2171 peccatorem
413 2109 573 2173 negarem,
608 2108 681 2155 cnm
711 2092 743 2155 et
763 2109 868 2155 meam
897 2092 997 2155 norim
1019 2091 1243 2156 conscientiam
1280 2096 1283 2100 ’

120 2193 154 2257 et
184 2192 289 2258 dicere
317 2194 444 2259 audiam
475 2195 532 2259 Iob
558 2194 649 2258 illum
677 2194 812 2259 iustumz
845 2195 918 2275 quis
944 2194 1028 2258 enim
1056 2194 1195 2259 mundos
1223 2216 1244 2256 o

118 2295 288 2361 sordibus?
330 2317 430 2376 nemo,
462 2298 559 2363 etiem
580 2298 611 2363 si
630 2298 730 2362 coins
755 2297 822 2363 diei
844 2298 886 2361 sit
907 2298 978 2361 cito
999 2296 1066 2361 eins
1087 2296 1125 2359 ico
1148 2300 1243 2376 terrm

119 2399 291 2463 Iohannem
314 2399 412 2465 etiam
432 2401 561 2465 beatum
585 2399 750 2464 aduertam
774 2398 896 2465 dicere:
919 2399 949 2464 si
970 2398 1145 2465 dioerimos
1168 2399 1245 2475 onio

81 2519 108 2558 2⁰
115 2508 282 2584 peccotmn
303 2524 369 2570 oon
382 2504 541 2583 hebemus,
564 2525 623 2570 cos
636 2505 721 2585 ipsos
734 2505 910 2586 decipimus
926 2508 955 2567 et
968 2504 1089 2568 nocitos
1102 2504 1139 2567 io
1155 2502 1243 2567 cobis

121 2626 188 2670 ooo
208 2611 262 2672 est.
296 2626 357 2673 non
379 2626 453 2692 ergo
474 2607 595 2674 idcirco
617 2607 751 2690 apostoli
764 2607 969 2690 praeceptum
985 2605 1111 2688 protuli,
1134 2605 1170 2669 ut
1192 2605 1246 2687 qni

122 2708 317 2776 meminerim
343 2729 395 2776 me
422 2712 622 2794 peccatorem
649 2711 866 2794 praedicarem
896 2729 965 2777 esse
995 2711 1060 2776 sine
1090 2710 1245 2787 sordibus,

123 2813 181 2878 sed
201 2814 238 2878 nt
257 2814 294 2879 tu
316 2832 412 2898 quam
433 2815 476 2880 sit
495 2814 616 2880 mnlnm
638 2814 723 2898 quod
742 2814 942 2897 praeceperis
964 2813 1032 2878 fieri
1054 2831 1163 2896 posses
1191 2813 1244 2877 ad-

123 2915 258 2982 uertere.
300 2917 441 2998 moeses,
468 2915 580 3000 inquit,
608 2917 760 2982 similiter
786 2917 921 2999 tortore,
943 2921 978 2980 ot
1000 2915 1102 2982 sobrii
1123 2916 1189 2980 sint
1210 2917 1246 2978 io

84 3029 111 3071 2⁵
124 3020 346 3105 mondusper
355 3021 465 3085 omnio
475 3024 505 3084 tc
514 3021 621 3102 ipsine
630 3021 771 3102 formem
776 3019 933 3101 praebens
944 3018 1095 3085 bonorum
1106 3037 1244 3100 operum,

124 3120 163 3186 in
181 3122 340 3203 doctrice,
360 3123 399 3188 to
420 3123 611 3208 intepoitotc,
638 3124 677 3188 in
696 3110 866 3207 pronitate,
895 3123 933 3188 in
954 3141 1094 3188 senione
1114 3140 1240 3198 saonem,

125 3224 443 3308 tnrepreteneicdem,
458 3231 494 3292 ut
507 3227 716 3292 odoescrios
727 3229 918 3306 reso-erector,
935 3224 1149 3290 nihilitatem
1164 3225 1246 3305 qood

125 3328 228 3394 dicere
248 3331 371 3395 neolone
391 3329 429 3394 de
449 3329 548 3393 nobis.

129 3516 132 3521 Ι
167 3432 316 3498 XXVIII.
340 3431 503 3514 Quomodo
524 3449 576 3496 me
596 3430 731 3496 Iormam
752 3432 905 3497 bonorum
928 3449 1056 3513 operum
1072 3431 1142 3495 aliis
1156 3448 1246 3512 pree-

88 3541 116 3582 ³⁰
126 3535 275 3613 oensem,
291 3535 319 3600 si
334 3535 519 3618 sangninem
535 3535 585 3599 dei
601 3534 685 3600 serni
699 3533 876 3599 fudissem?
899 3533 1054 3616 quomodo
1071 3533 1246 3598 doein'nam

127 3637 281 3720 integram
314 3658 408 3720 quam
443 3637 642 3703 tradiderunt
675 3637 808 3719 apostoli
839 3637 1075 3719 praedicentem
1108 3654 1158 3700 me
1195 3634 1247 3698 'dei

230 3822 326 3877 1710b
345 3824 387 3889 14,
404 3825 464 3879 4.5
533 3823 668 3879 l9IIch.
688 3823 748 3889 1,8
817 3823 919 3878 mmo.
937 3823 962 3888 2,
981 3823 1049 3878 6-8

179 3997 195 4049 5
211 3999 305 4052 tenens
316 4002 455 4067 exspectes
524 3993 629 4049 Bhorte
698 3994 731 4048 13
748 3992 922 4048 indentemini
939 3993 1013 4047 idem
1029 3992 1146 4047 uidetur
1164 3993 1249 4062 sipici-

128 4083 213 4150 flccre
229 4084 303 4152 cuod
314 4081 507 4152 iniringemini3
523 4080 609 4177 epictii
625 4084 667 4134 cst
679 4079 753 4148 quod
764 4080 908 4134 conicient
925 4077 1097 4147 indeptemini
1116 4076 1248 4148 Oenopiis,

129 4185 289 4255 integerrimi
301 4185 393 4242 Tdios
461 4182 495 4238 18
511 4199 578 4237 nnus
654 4181 688 4236 22
706 4183 772 4252 esse]
789 4197 834 4235 me
850 4196 907 4236 esse
925 4185 1063 4250 exspectes
1136 4179 1169 4233 27
1188 4177 1250 4248 quid

130 4288 146 4328 υ
646 4281 649 4286 ,
916 4273 918 4278 .
