3050 5000
342 390 404 456 192
833 390 980 443 Luciferi

340 580 414 644 xisti
435 579 468 642 te
492 597 585 661 agere
608 580 641 643 et
662 579 749 644 aliod
772 580 922 662 perficere
946 580 1155 663 disposueras,
1184 582 1276 663 potes
1298 582 1329 645 te
1348 599 1431 664 regne

340 702 400 747 non
424 682 535 748 eodem
559 682 693 747 aduerso
716 683 827 765 spiritu
850 684 882 747 te
899 701 1022 766 quoqne
1040 684 1101 767 agi,
1125 702 1187 765 que
1204 684 1280 749 sunt
1295 684 1353 747 acti
1367 685 1431 765 atqne

342 786 475 867 agantur
497 786 631 851 Iudaei?
652 786 713 851 nisi
728 786 845 851 etenim
861 787 915 853 ilio
931 787 1043 852 firisses
1060 788 1215 852 excitatns
1231 786 1342 869 spiritu
1355 788 1432 851 conta

340 906 397 953 nos
418 888 478 954 deo
507 889 691 963 seruientes,
720 908 891 971 numquam
922 890 987 955 sine
1018 890 1111 956 dnbio
1136 890 1302 955 absentem
1325 888 1431 952 damnsri

340 991 373 1054 et
394 990 522 1073 quidem
544 993 742 1057 innocentem
764 994 941 1059 mandares.
973 994 1029 1058 sed
1051 995 1129 1059 haec
1153 993 1197 1058 sic
1223 1010 1282 1075 ego
1306 1007 1449 1073 saepen-r

339 1095 422 1177 peto,
458 1094 620 1177 tamquam
649 1095 746 1159 etiam
773 1095 854 1178 ipse,
890 1096 965 1161 dnm
991 1096 1150 1161 interdum
1178 1115 1279 1161 uaeas
1308 1115 1326 1159 a
1351 1095 1430 1159 furoris

340 1198 487 1275 stimulis,
511 1218 571 1262 oon
586 1198 767 1263 consideres
784 1200 926 1265 omnibus
940 1200 972 1263 te
988 1200 1091 1265 modis
1105 1201 1152 1265 ita
1167 1219 1186 1264 a
1199 1199 1341 1265 iustitiae
1353 1198 1430 1279 sagda

341 1300 551 1378 exorbitasse,
586 1302 622 1365 ut
650 1320 707 1365 nec
737 1301 769 1365 in
793 1302 924 1366 Actibus
954 1302 1164 1384 apostolorum
1192 1301 1305 1367 nidere
1326 1300 1429 1382 potueris

338 1404 517 1485 petentibus
546 1404 673 1469 Iudaeis
708 1403 748 1467 ad
778 1404 911 1471 Paulum
940 1404 1116 1469 necandum
1148 1406 1280 1470 beatum
1308 1404 1429 1470 hominen

338 1506 489 1591 gentilem
511 1506 689 1589 praesidem
711 1506 841 1570 Festum
857 1507 985 1572 minime
1001 1509 1105 1573 coetui
1120 1506 1313 1572 Iudaeorum
1328 1522 1446 1569 camno-s

340 1611 433 1676 dasse
446 1610 624 1685 adsensum,
636 1609 693 1673 ssd
703 1610 770 1674 tam
782 1610 931 1691 ipsosnec
944 1611 1182 1676 nonetPaulum
1197 1609 1428 1693 positosinorm

340 1712 521 1781 auditarum
545 1732 614 1777 esse
636 1712 822 1794 pollicitum.
846 1713 975 1795 gentilis
998 1714 1137 1779 seruauit
1151 1713 1323 1795 aequitatis
1342 1710 1425 1787 iusta

338 1836 414 1880 uero
439 1816 639 1891 destruxisti;
663 1816 718 1880 aut
740 1817 885 1898 aequitas
908 1818 956 1881 est
979 1816 1127 1882 damnare
1149 1816 1338 1893 inauditum,
1357 1815 1425 1879 intor-
1464 1880 1465 1885 ,

337 1916 433 1982 ficere
457 1920 628 1995 absentem,
652 1919 846 1985 audientiam
869 1940 943 1985 nero
966 1938 1082 2003 negare
1103 1921 1196 1999 iusto,
1222 1921 1252 1985 ei
1275 1917 1380 1983 homini
1396 1914 1426 1978 cri

338 2022 439 2087 omnis
460 2023 553 2087 tostis
576 2023 618 2087 sit
641 2023 692 2087 dei
715 2024 858 2106 populus,
894 2023 978 2107 quod
1006 2024 1087 2088 enim
1115 2023 1193 2089 false
1223 2022 1319 2087 iirerit
1342 2020 1443 2103 petitam

337 2127 409 2191 ate
438 2144 475 2189 ac
497 2126 571 2201 tuis,
596 2125 793 2190 Christianus
815 2127 947 2218 euobis
970 2127 1133 2191 Arrianis?
1177 2143 1265 2208 ergo,
1293 2126 1329 2189 nt
1353 2122 1424 2187 dicere

336 2247 502 2311 coeperam
524 2248 606 2310 quae
628 2229 744 2293 inerint
763 2229 847 2292 inter
869 2229 1003 2294 Iudaeos
1028 2231 1059 2293 et
1074 2229 1207 2294 Paulum
1230 2224 1426 2306 beatumgcsto

337 2332 482 2409 adesto,
515 2332 638 2413 accipe:
673 2332 789 2397 Festus
811 2337 916 2397 antem
945 2352 1016 2398 cnm
1044 2333 1181 2399 uenisset
1200 2334 1241 2397 in
1259 2329 1425 2413 pronineim

333 2454 469 2520 praeses,
493 2435 638 2502 aseendit
653 2435 908 2519 Hierosolymam
922 2474 971 2508 aaa
985 2437 1127 2504 insidias
1149 2436 1318 2512 tendentes,
1338 2436 1368 2496 nt
1381 2448 1425 2495 eon

335 2540 548 2622 interficerent
576 2541 613 2604 in
635 2542 703 2604 nia.
748 2541 864 2606 Festus
891 2563 963 2626 erpo
989 2541 1153 2623 respondit
1174 2540 1320 2606 Panium
1338 2538 1441 2620 pamas

327 2643 465 2706 seruari
486 2643 524 2706 in
548 2642 718 2724 Caesarea,
740 2664 773 2709 se
788 2649 893 2710 anian
906 2647 1069 2710 matarius
1082 2645 1257 2728 proficisci.
1286 2644 1381 2724 iteam
1390 2637 1425 2720 pti

334 2745 419 2809 inter
446 2764 504 2808 nos
530 2750 606 2809 sant
639 2747 830 2812 descendant
857 2753 895 2829 et,
930 2750 959 2813 si
986 2750 1068 2830 qnod
1094 2753 1139 2814 est
1166 2749 1204 2813 in
1234 2750 1308 2814 niro
1328 2747 1422 2824 arina,

335 2851 484 2912 aeenmnt
504 2868 584 2912 enm.
620 2850 801 2915 demoratos
823 2869 895 2934 erpo
918 2852 1002 2916 inter
1023 2872 1073 2918 eos
1094 2871 1158 2918 non
1174 2851 1256 2934 plns
1277 2870 1365 2933 qnam
1381 2848 1422 2911 odo

334 2954 394 3016 ant
413 2953 517 3016 decem
537 2951 605 3016 dies
630 2953 788 3019 descendit
818 2953 1008 3021 Caesaream
1036 2960 1066 3021 et
1093 2958 1191 3022 attero
1218 2957 1273 3022 dic
1301 2954 1371 3021 sedit
1381 2967 1421 3031 pn

334 3052 492 3118 testandi
519 3059 549 3119 et
576 3055 672 3121 inssit
696 3058 794 3121 citari
817 3058 976 3140 Pantnm5
1009 3060 1065 3141 pai
1094 3080 1166 3126 cam
1196 3060 1349 3126 adductas
1366 3054 1439 3130 estid

334 3158 606 3223 circumsteterant
627 3181 698 3225 enm
712 3161 829 3226 Iudaei
851 3165 908 3244 qni
931 3183 953 3227 a
974 3163 1203 3248 Hierosolymis
1224 3161 1421 3232 decadem

333 3261 436 3326 muita
457 3265 488 3326 et
506 3261 625 3344 prania
646 3264 787 3329 crimina
802 3265 968 3332 obicientes
981 3288 1062 3349 qnae
1074 3269 1209 3350 protare
1225 3289 1291 3334 non
1299 3264 1419 3350 petroni.

333 3361 441 3428 Panto
463 3370 568 3428 antem
599 3368 755 3432 rationem
777 3368 935 3452 reddente,
964 3371 1047 3452 qnod
1074 3374 1229 3454 nepesin
1253 3373 1316 3456 depe
1335 3367 1420 3436 isan

436 3601 469 3654 18
485 3601 544 3658 Act.
562 3605 604 3665 25,
625 3605 692 3657 1-8

384 3822 397 3876 1
417 3825 445 3876 te
461 3825 492 3888 V,
511 3841 544 3878 nc
557 3829 687 3895 (potesne)
699 3847 724 3898 o,
736 3832 766 3884 tu
778 3831 854 3896 fort,
873 3834 1044 3902 sedcfi189,
1057 3838 1095 3888 20
1163 3835 1180 3888 3
1198 3841 1311 3906 aguntor
1320 3837 1374 3906 sort

330 3910 347 3962 6
365 3924 423 3962 cam
440 3927 458 3964 r
527 3912 558 3965 ll
577 3913 676 3981 positos
695 3916 807 3985 scripsi,
825 3933 902 3985 posse
919 3919 949 3983 V,
968 3935 1025 3974 esse
1043 3921 1113 3975 coni.
1130 3921 1229 3992 Titias,
1248 3940 1304 3978 esse
1319 3919 1417 3978 seinse

334 3994 506 4050 Gadandins
593 3999 626 4051 15
643 3998 726 4053 falsae
822 4003 854 4056 li
873 4019 992 4072 ceperam
1087 4005 1120 4060 18
1138 4008 1256 4077 accipere
1336 4008 1461 4082 ism,

330 4081 411 4135 nnita
428 4082 473 4136 nn
490 4083 669 4138 intercidisse
687 4091 782 4143 tentas
798 4106 840 4160 pr.
859 4091 937 4146 docet
1022 4091 1057 4145 20
1073 4093 1145 4147 uiam
1234 4095 1266 4149 21
1285 4107 1374 4149 ccsarm

331 4184 383 4253 qui]
401 4186 524 4253 potentes
542 4187 608 4242 add.
627 4189 766 4245 Latinius
852 4193 887 4246 22
905 4169 1048 4250 descendat
1129 4199 1193 4267 quot
1279 4198 1311 4252 24
1326 4195 1381 4250 diso

329 4286 363 4339 27
373 4260 476 4371 probino
544 4288 578 4340 28
595 4288 715 4358 legemr
