<?xml version="1.0" encoding="UTF-8"?>
<!DOCTYPE html PUBLIC "-//W3C//DTD XHTML 1.0 Transitional//EN"
    "http://www.w3.org/TR/xhtml1/DTD/xhtml1-transitional.dtd">
<html xmlns="http://www.w3.org/1999/xhtml" xml:lang="en" lang="en">
 <head>
  <title>
</title>
<meta http-equiv="Content-Type" content="text/html;charset=utf-8" />
  <meta name='ocr-system' content='tesseract 3.04.00' />
  <meta name='ocr-capabilities' content='ocr_page ocr_carea ocr_par ocr_line ocrx_word'/>
</head>
<body>
  <div class='ocr_page' id='page_1' title='image "./corpusscriptoru03wissgoog_0301.png"; bbox 0 0 3050 5000; ppageno 0'>
   <div class='ocr_carea' id='block_1_1' title="bbox 321 341 963 418">
    <p class='ocr_par' dir='ltr' id='par_1_1' title="bbox 321 341 963 418">
     <span class='ocr_line' id='line_1_1' title="bbox 321 341 963 418; baseline 0.005 -24"><span class='ocrx_word' id='word_1_1' title='bbox 321 346 389 418; x_wconf 74' lang='lat'>252</span> <span class='ocrx_word' id='word_1_2' title='bbox 815 341 963 397; x_wconf 79' lang='lat' dir='ltr'><strong>Luciferi</strong></span> 
     </span>
    </p>
   </div>
   <div class='ocr_carea' id='block_1_2' title="bbox 248 531 1454 3706">
    <p class='ocr_par' dir='ltr' id='par_1_2' title="bbox 325 531 1420 716">
     <span class='ocr_line' id='line_1_2' title="bbox 325 531 1420 623; baseline -0.002 -24"><span class='ocrx_word' id='word_1_3' title='bbox 325 535 589 623; x_wconf 74' lang='lat' dir='ltr'>noncessohont,</span> <span class='ocrx_word' id='word_1_4' title='bbox 621 534 761 601; x_wconf 75' lang='lat' dir='ltr'><em>docentes</em></span> <span class='ocrx_word' id='word_1_5' title='bbox 790 538 817 599; x_wconf 87' lang='lat' dir='ltr'>et</span> <span class='ocrx_word' id='word_1_6' title='bbox 838 531 1090 614; x_wconf 82' lang='lat' dir='ltr'>cncnpelirontes</span> <span class='ocrx_word' id='word_1_7' title='bbox 1117 531 1293 597; x_wconf 82' lang='lat' dir='ltr'>dominnm</span> <span class='ocrx_word' id='word_1_8' title='bbox 1314 535 1420 597; x_wconf 79' lang='lat' dir='ltr'>nostrus</span> 
     </span>
     <span class='ocr_line' id='line_1_3' title="bbox 325 636 1230 716; baseline 0.006 -15"><span class='ocrx_word' id='word_1_9' title='bbox 325 637 440 716; x_wconf 71' lang='lat' dir='ltr'>Iesum,</span> <span class='ocrx_word' id='word_1_10' title='bbox 455 636 626 703; x_wconf 77' lang='lat' dir='ltr'><strong><em>Christum.</em></strong></span> <span class='ocrx_word' id='word_1_11' title='bbox 1162 660 1167 671; x_wconf 90' lang='lat'><em>·</em></span> <span class='ocrx_word' id='word_1_12' title='bbox 1226 680 1230 685; x_wconf 97' lang='lat'>-</span> 
     </span>
    </p>

    <p class='ocr_par' dir='ltr' id='par_1_3' title="bbox 248 738 1454 2880">
     <span class='ocr_line' id='line_1_4' title="bbox 366 738 1418 822; baseline -0.002 -19"><span class='ocrx_word' id='word_1_13' title='bbox 366 738 436 803; x_wconf 72' lang='lat' dir='ltr'>Xll</span> <span class='ocrx_word' id='word_1_14' title='bbox 461 739 540 805; x_wconf 82' lang='lat' dir='ltr'>Cum</span> <span class='ocrx_word' id='word_1_15' title='bbox 562 740 640 805; x_wconf 90' lang='lat' dir='ltr'>haec</span> <span class='ocrx_word' id='word_1_16' title='bbox 661 739 779 805; x_wconf 82' lang='lat' dir='ltr'>referat</span> <span class='ocrx_word' id='word_1_17' title='bbox 801 738 959 822; x_wconf 88' lang='lat' dir='ltr'>apostolos</span> <span class='ocrx_word' id='word_1_18' title='bbox 981 738 1091 805; x_wconf 88' lang='lat' dir='ltr'>beatos</span> <span class='ocrx_word' id='word_1_19' title='bbox 1117 738 1226 821; x_wconf 80' lang='lat' dir='ltr'>egisse</span> <span class='ocrx_word' id='word_1_20' title='bbox 1245 754 1335 801; x_wconf 88' lang='lat' dir='ltr'>sacra</span> <span class='ocrx_word' id='word_1_21' title='bbox 1347 738 1418 820; x_wconf 88' lang='lat' dir='ltr'>scrip</span> 
     </span>
     <span class='ocr_line' id='line_1_5' title="bbox 324 840 1421 924; baseline -0.001 -19"><span class='ocrx_word' id='word_1_22' title='bbox 324 842 413 919; x_wconf 84' lang='lat' dir='ltr'>tura,</span> <span class='ocrx_word' id='word_1_23' title='bbox 442 842 474 906; x_wconf 90' lang='lat' dir='ltr'>te</span> <span class='ocrx_word' id='word_1_24' title='bbox 499 841 539 907; x_wconf 90' lang='lat' dir='ltr'>ad</span> <span class='ocrx_word' id='word_1_25' title='bbox 560 841 741 924; x_wconf 87' lang='lat' dir='ltr'>negandum</span> <span class='ocrx_word' id='word_1_26' title='bbox 764 842 816 907; x_wconf 93' lang='lat' dir='ltr'>dei</span> <span class='ocrx_word' id='word_1_27' title='bbox 837 841 938 907; x_wconf 89' lang='lat' dir='ltr'>filium</span> <span class='ocrx_word' id='word_1_28' title='bbox 961 842 1098 907; x_wconf 89' lang='lat' dir='ltr'>omnium</span> <span class='ocrx_word' id='word_1_29' title='bbox 1120 840 1283 905; x_wconf 81' lang='lat' dir='ltr'>innitente</span> <span class='ocrx_word' id='word_1_30' title='bbox 1305 840 1421 904; x_wconf 83' lang='lat' dir='ltr'>cordat</span> 
     </span>
     <span class='ocr_line' id='line_1_6' title="bbox 324 942 1438 1027; baseline -0.002 -18"><span class='ocrx_word' id='word_1_31' title='bbox 324 945 489 1009; x_wconf 78' lang='lat' dir='ltr'>haeresem</span> <span class='ocrx_word' id='word_1_32' title='bbox 512 944 600 1008; x_wconf 90' lang='lat' dir='ltr'>tuam</span> <span class='ocrx_word' id='word_1_33' title='bbox 622 943 748 1011; x_wconf 87' lang='lat' dir='ltr'>firmare</span> <span class='ocrx_word' id='word_1_34' title='bbox 767 945 844 1009; x_wconf 91' lang='lat' dir='ltr'>satis</span> <span class='ocrx_word' id='word_1_35' title='bbox 861 944 973 1027; x_wconf 78' lang='lat' dir='ltr'>agente</span> <span class='ocrx_word' id='word_1_36' title='bbox 989 943 1077 1011; x_wconf 92' lang='lat' dir='ltr'>nobis</span> <span class='ocrx_word' id='word_1_37' title='bbox 1094 943 1154 1007; x_wconf 88' lang='lat' dir='ltr'>erit</span> <span class='ocrx_word' id='word_1_38' title='bbox 1167 942 1343 1007; x_wconf 88' lang='lat' dir='ltr'>tacendum</span> <span class='ocrx_word' id='word_1_39' title='bbox 1355 962 1438 1024; x_wconf 70' lang='lat' dir='ltr'>pree-r</span> 
     </span>
     <span class='ocr_line' id='line_1_7' title="bbox 324 1045 1420 1129; baseline -0.003 -18"><span class='ocrx_word' id='word_1_40' title='bbox 324 1046 436 1129; x_wconf 90' lang='lat' dir='ltr'>positis</span> <span class='ocrx_word' id='word_1_41' title='bbox 467 1046 516 1111; x_wconf 93' lang='lat' dir='ltr'>dei</span> <span class='ocrx_word' id='word_1_42' title='bbox 545 1046 766 1124; x_wconf 89' lang='lat' dir='ltr'>ecclesiarum,</span> <span class='ocrx_word' id='word_1_43' title='bbox 797 1065 836 1111; x_wconf 89' lang='lat' dir='ltr'>ne</span> <span class='ocrx_word' id='word_1_44' title='bbox 866 1045 1018 1112; x_wconf 88' lang='lat' dir='ltr'>uidelicet</span> <span class='ocrx_word' id='word_1_45' title='bbox 1042 1045 1101 1111; x_wconf 87' lang='lat' dir='ltr'>tihi</span> <span class='ocrx_word' id='word_1_46' title='bbox 1123 1046 1325 1129; x_wconf 87' lang='lat' dir='ltr'>blasphemo,</span> <span class='ocrx_word' id='word_1_47' title='bbox 1347 1045 1420 1109; x_wconf 90' lang='lat' dir='ltr'>homi-</span> 
     </span>
     <span class='ocr_line' id='line_1_8' title="bbox 326 1146 1418 1235; baseline -0.001 -22"><span class='ocrx_word' id='word_1_48' title='bbox 326 1148 433 1227; x_wconf 83' lang='lat' dir='ltr'>cidae,</span> <span class='ocrx_word' id='word_1_49' title='bbox 465 1148 652 1215; x_wconf 83' lang='lat' dir='ltr'>destructori</span> <span class='ocrx_word' id='word_1_50' title='bbox 676 1149 727 1214; x_wconf 89' lang='lat' dir='ltr'>dei</span> <span class='ocrx_word' id='word_1_51' title='bbox 748 1150 908 1235; x_wconf 83' lang='lat' dir='ltr'>religionis</span> <span class='ocrx_word' id='word_1_52' title='bbox 931 1149 1127 1215; x_wconf 87' lang='lat' dir='ltr'>inueniamur</span> <span class='ocrx_word' id='word_1_53' title='bbox 1150 1146 1368 1215; x_wconf 88' lang='lat' dir='ltr'>contumeliosi</span> <span class='ocrx_word' id='word_1_54' title='bbox 1384 1168 1418 1211; x_wconf 89' lang='lat' dir='ltr'>er·</span> 
     </span>
     <span class='ocr_line' id='line_1_9' title="bbox 326 1252 1454 1335; baseline -0.004 -18"><span class='ocrx_word' id='word_1_55' title='bbox 326 1253 468 1318; x_wconf 79' lang='lat' dir='ltr'>stitisse?</span> <span class='ocrx_word' id='word_1_56' title='bbox 503 1253 660 1335; x_wconf 89' lang='lat' dir='ltr'>apostolos</span> <span class='ocrx_word' id='word_1_57' title='bbox 686 1253 826 1335; x_wconf 88' lang='lat' dir='ltr'>loquitur</span> <span class='ocrx_word' id='word_1_58' title='bbox 854 1271 945 1317; x_wconf 86' lang='lat' dir='ltr'>sacra</span> <span class='ocrx_word' id='word_1_59' title='bbox 972 1253 1126 1335; x_wconf 87' lang='lat' dir='ltr'>scriptura</span> <span class='ocrx_word' id='word_1_60' title='bbox 1154 1271 1215 1317; x_wconf 91' lang='lat' dir='ltr'>nec</span> <span class='ocrx_word' id='word_1_61' title='bbox 1241 1252 1368 1317; x_wconf 86' lang='lat' dir='ltr'>uerbera</span> <span class='ocrx_word' id='word_1_62' title='bbox 1384 1270 1420 1313; x_wconf 84' lang='lat' dir='ltr'>nee</span> <span class='ocrx_word' id='word_1_63' title='bbox 1453 1282 1454 1287; x_wconf 17' lang='grc' dir='ltr'><strong>κ</strong></span> 
     </span>
     <span class='ocr_line' id='line_1_10' title="bbox 324 1354 1420 1438; baseline -0.004 -18"><span class='ocrx_word' id='word_1_64' title='bbox 324 1356 426 1421; x_wconf 92' lang='lat' dir='ltr'>minas</span> <span class='ocrx_word' id='word_1_65' title='bbox 448 1354 586 1421; x_wconf 88' lang='lat' dir='ltr'>fihorum</span> <span class='ocrx_word' id='word_1_66' title='bbox 608 1355 805 1438; x_wconf 76' lang='lat' dir='ltr'>pestilentiae</span> <span class='ocrx_word' id='word_1_67' title='bbox 819 1354 972 1435; x_wconf 78' lang='lat' dir='ltr'>timuisse,</span> <span class='ocrx_word' id='word_1_68' title='bbox 996 1355 1053 1419; x_wconf 91' lang='lat' dir='ltr'>sed</span> <span class='ocrx_word' id='word_1_69' title='bbox 1068 1374 1193 1438; x_wconf 87' lang='lat' dir='ltr'>semper</span> <span class='ocrx_word' id='word_1_70' title='bbox 1211 1354 1367 1429; x_wconf 88' lang='lat' dir='ltr'>decuisse;</span> <span class='ocrx_word' id='word_1_71' title='bbox 1384 1374 1420 1417; x_wconf 84' lang='lat' dir='ltr'>noe</span> 
     </span>
     <span class='ocr_line' id='line_1_11' title="bbox 326 1457 1454 1545; baseline -0.003 -24"><span class='ocrx_word' id='word_1_72' title='bbox 326 1457 439 1523; x_wconf 90' lang='lat' dir='ltr'>caduci</span> <span class='ocrx_word' id='word_1_73' title='bbox 460 1459 551 1541; x_wconf 81' lang='lat' dir='ltr'>regni</span> <span class='ocrx_word' id='word_1_74' title='bbox 575 1459 623 1523; x_wconf 91' lang='lat' dir='ltr'>tui</span> <span class='ocrx_word' id='word_1_75' title='bbox 646 1459 796 1524; x_wconf 84' lang='lat' dir='ltr'>decuerat</span> <span class='ocrx_word' id='word_1_76' title='bbox 816 1458 918 1541; x_wconf 81' lang='lat' dir='ltr'>frangi</span> <span class='ocrx_word' id='word_1_77' title='bbox 940 1458 1064 1541; x_wconf 83' lang='lat' dir='ltr'>uigere,</span> <span class='ocrx_word' id='word_1_78' title='bbox 1098 1460 1227 1545; x_wconf 85' lang='lat' dir='ltr'>quotu</span> <span class='ocrx_word' id='word_1_79' title='bbox 1261 1476 1362 1523; x_wconf 88' lang='lat' dir='ltr'>omnes</span> <span class='ocrx_word' id='word_1_80' title='bbox 1381 1458 1454 1519; x_wconf 61' lang='lat' dir='ltr'>ini-r*</span> 
     </span>
     <span class='ocr_line' id='line_1_12' title="bbox 326 1561 1419 1643; baseline -0.002 -20"><span class='ocrx_word' id='word_1_81' title='bbox 326 1579 404 1643; x_wconf 86' lang='lat' dir='ltr'>quos</span> <span class='ocrx_word' id='word_1_82' title='bbox 426 1578 536 1642; x_wconf 90' lang='lat' dir='ltr'>posses</span> <span class='ocrx_word' id='word_1_83' title='bbox 557 1561 629 1625; x_wconf 90' lang='lat' dir='ltr'>tuos</span> <span class='ocrx_word' id='word_1_84' title='bbox 650 1561 781 1643; x_wconf 89' lang='lat' dir='ltr'>implere</span> <span class='ocrx_word' id='word_1_85' title='bbox 803 1562 955 1627; x_wconf 79' lang='lat' dir='ltr'>conatus?</span> <span class='ocrx_word' id='word_1_86' title='bbox 978 1562 1180 1627; x_wconf 89' lang='lat' dir='ltr'>contumaces</span> <span class='ocrx_word' id='word_1_87' title='bbox 1206 1562 1419 1627; x_wconf 79' lang='lat' dir='ltr'>aestimamur</span> 
     </span>
     <span class='ocr_line' id='line_1_13' title="bbox 325 1662 1418 1745; baseline -0.002 -18"><span class='ocrx_word' id='word_1_88' title='bbox 325 1664 375 1741; x_wconf 89' lang='lat' dir='ltr'>te,</span> <span class='ocrx_word' id='word_1_89' title='bbox 406 1663 480 1745; x_wconf 90' lang='lat' dir='ltr'>quia</span> <span class='ocrx_word' id='word_1_90' title='bbox 502 1683 578 1728; x_wconf 89' lang='lat' dir='ltr'>uera</span> <span class='ocrx_word' id='word_1_91' title='bbox 598 1664 657 1731; x_wconf 88' lang='lat' dir='ltr'>tibi</span> <span class='ocrx_word' id='word_1_92' title='bbox 680 1665 824 1729; x_wconf 88' lang='lat' dir='ltr'>dicantur</span> <span class='ocrx_word' id='word_1_93' title='bbox 848 1682 866 1729; x_wconf 87' lang='lat' dir='ltr'>a</span> <span class='ocrx_word' id='word_1_94' title='bbox 889 1664 986 1729; x_wconf 90' lang='lat' dir='ltr'>nohis.</span> <span class='ocrx_word' id='word_1_95' title='bbox 1011 1664 1055 1729; x_wconf 87' lang='lat' dir='ltr'>sic</span> <span class='ocrx_word' id='word_1_96' title='bbox 1079 1665 1111 1727; x_wconf 88' lang='lat' dir='ltr'>et</span> <span class='ocrx_word' id='word_1_97' title='bbox 1134 1662 1418 1745; x_wconf 87' lang='lat' dir='ltr'>comblasphemitn&#39;</span> 
     </span>
     <span class='ocr_line' id='line_1_14' title="bbox 327 1764 1419 1848; baseline -0.005 -17"><span class='ocrx_word' id='word_1_98' title='bbox 327 1765 521 1848; x_wconf 86' lang='lat' dir='ltr'>Stephanum</span> <span class='ocrx_word' id='word_1_99' title='bbox 542 1767 759 1833; x_wconf 86' lang='lat' dir='ltr'>beatissimum</span> <span class='ocrx_word' id='word_1_100' title='bbox 781 1765 1011 1845; x_wconf 82' lang='lat' dir='ltr'>iudicauerunt,</span> <span class='ocrx_word' id='word_1_101' title='bbox 1035 1765 1109 1848; x_wconf 88' lang='lat' dir='ltr'>quia</span> <span class='ocrx_word' id='word_1_102' title='bbox 1132 1766 1177 1829; x_wconf 91' lang='lat' dir='ltr'>eis</span> <span class='ocrx_word' id='word_1_103' title='bbox 1203 1764 1340 1829; x_wconf 84' lang='lat' dir='ltr'>diceret:</span> <span class='ocrx_word' id='word_1_104' title='bbox 1363 1765 1419 1827; x_wconf 85' lang='lat' dir='ltr'>dere</span> 
     </span>
     <span class='ocr_line' id='line_1_15' title="bbox 327 1867 1417 1950; baseline -0.004 -16"><span class='ocrx_word' id='word_1_105' title='bbox 327 1871 449 1935; x_wconf 82' lang='lat' dir='ltr'>ceruice</span> <span class='ocrx_word' id='word_1_106' title='bbox 472 1876 499 1949; x_wconf 79' lang='lat' dir='ltr'>et</span> <span class='ocrx_word' id='word_1_107' title='bbox 521 1889 586 1935; x_wconf 90' lang='lat' dir='ltr'>non</span> <span class='ocrx_word' id='word_1_108' title='bbox 609 1871 789 1937; x_wconf 79' lang='lat' dir='ltr'>circumcisi</span> <span class='ocrx_word' id='word_1_109' title='bbox 811 1870 901 1934; x_wconf 87' lang='lat' dir='ltr'>corde</span> <span class='ocrx_word' id='word_1_110' title='bbox 922 1874 951 1935; x_wconf 89' lang='lat' dir='ltr'>et</span> <span class='ocrx_word' id='word_1_111' title='bbox 973 1868 1121 1949; x_wconf 84' lang='lat' dir='ltr'>cnrihne,</span> <span class='ocrx_word' id='word_1_112' title='bbox 1153 1888 1212 1933; x_wconf 85' lang='lat' dir='ltr'>nos</span> <span class='ocrx_word' id='word_1_113' title='bbox 1244 1888 1360 1950; x_wconf 71' lang='lat' dir='ltr'>sennen</span> <span class='ocrx_word' id='word_1_114' title='bbox 1374 1867 1417 1948; x_wconf 84' lang='lat' dir='ltr'>spi·</span> 
     </span>
     <span class='ocr_line' id='line_1_16' title="bbox 326 1966 1435 2055; baseline -0.001 -19"><span class='ocrx_word' id='word_1_115' title='bbox 326 1974 408 2037; x_wconf 83' lang='lat' dir='ltr'>ritui</span> <span class='ocrx_word' id='word_1_116' title='bbox 431 1978 538 2039; x_wconf 83' lang='lat' dir='ltr'>sancto</span> <span class='ocrx_word' id='word_1_117' title='bbox 563 1974 734 2051; x_wconf 83' lang='lat' dir='ltr'>restitistis,</span> <span class='ocrx_word' id='word_1_118' title='bbox 756 1973 838 2037; x_wconf 87' lang='lat' dir='ltr'>sient</span> <span class='ocrx_word' id='word_1_119' title='bbox 855 1976 966 2054; x_wconf 85' lang='lat' dir='ltr'>patres</span> <span class='ocrx_word' id='word_1_120' title='bbox 985 1970 1096 2055; x_wconf 85' lang='lat' dir='ltr'>nestri,</span> <span class='ocrx_word' id='word_1_121' title='bbox 1120 1976 1149 2037; x_wconf 86' lang='lat' dir='ltr'>et</span> <span class='ocrx_word' id='word_1_122' title='bbox 1173 1990 1242 2037; x_wconf 86' lang='lat' dir='ltr'>nos.</span> <span class='ocrx_word' id='word_1_123' title='bbox 1266 1992 1351 2053; x_wconf 81' lang='lat' dir='ltr'>quern</span> <span class='ocrx_word' id='word_1_124' title='bbox 1364 1966 1435 2052; x_wconf 81' lang='lat' dir='ltr'>pree</span> 
     </span>
     <span class='ocr_line' id='line_1_17' title="bbox 320 2073 1416 2158; baseline -0.005 -18"><span class='ocrx_word' id='word_1_125' title='bbox 320 2075 495 2157; x_wconf 77' lang='lat' dir='ltr'>plectarum</span> <span class='ocrx_word' id='word_1_126' title='bbox 518 2097 582 2141; x_wconf 91' lang='lat' dir='ltr'>non</span> <span class='ocrx_word' id='word_1_127' title='bbox 603 2081 679 2141; x_wconf 89' lang='lat' dir='ltr'>snnt</span> <span class='ocrx_word' id='word_1_128' title='bbox 694 2076 855 2158; x_wconf 82' lang='lat' dir='ltr'>persecuti</span> <span class='ocrx_word' id='word_1_129' title='bbox 871 2079 982 2157; x_wconf 79' lang='lat' dir='ltr'>patres</span> <span class='ocrx_word' id='word_1_130' title='bbox 1003 2074 1125 2139; x_wconf 67' lang='lat' dir='ltr'>insert?</span> <span class='ocrx_word' id='word_1_131' title='bbox 1148 2079 1177 2139; x_wconf 89' lang='lat' dir='ltr'>et</span> <span class='ocrx_word' id='word_1_132' title='bbox 1199 2073 1416 2139; x_wconf 78' lang='lat' dir='ltr'>occiderentur</span> 
     </span>
     <span class='ocr_line' id='line_1_18' title="bbox 326 2162 1417 2261; baseline -0.006 -18"><span class='ocrx_word' id='word_1_133' title='bbox 326 2180 381 2261; x_wconf 78' lang='lat' dir='ltr'>qni</span> <span class='ocrx_word' id='word_1_134' title='bbox 403 2162 641 2245; x_wconf 63' lang='lat' dir='ltr'>adnuntiabunt</span> <span class='ocrx_word' id='word_1_135' title='bbox 662 2179 699 2244; x_wconf 85' lang='lat' dir='ltr'>de</span> <span class='ocrx_word' id='word_1_136' title='bbox 715 2180 858 2245; x_wconf 83' lang='lat' dir='ltr'>aduentu</span> <span class='ocrx_word' id='word_1_137' title='bbox 879 2178 966 2259; x_wconf 87' lang='lat' dir='ltr'>insti,</span> <span class='ocrx_word' id='word_1_138' title='bbox 990 2166 1080 2243; x_wconf 75' lang='lat' dir='ltr'>cirins</span> <span class='ocrx_word' id='word_1_139' title='bbox 1096 2196 1184 2241; x_wconf 90' lang='lat' dir='ltr'>nnnc</span> <span class='ocrx_word' id='word_1_140' title='bbox 1199 2196 1261 2243; x_wconf 88' lang='lat' dir='ltr'>nos</span> <span class='ocrx_word' id='word_1_141' title='bbox 1277 2175 1417 2257; x_wconf 81' lang='lat' dir='ltr'>proditore</span> 
     </span>
     <span class='ocr_line' id='line_1_19' title="bbox 327 2278 1415 2365; baseline -0.009 -18"><span class='ocrx_word' id='word_1_142' title='bbox 327 2285 359 2347; x_wconf 88' lang='lat' dir='ltr'>et</span> <span class='ocrx_word' id='word_1_143' title='bbox 380 2283 592 2365; x_wconf 77' lang='lat' dir='ltr'>interfectores</span> <span class='ocrx_word' id='word_1_144' title='bbox 612 2282 736 2363; x_wconf 80' lang='lat' dir='ltr'>fuistis,</span> <span class='ocrx_word' id='word_1_145' title='bbox 766 2282 822 2363; x_wconf 75' lang='lat' dir='ltr'>qni</span> <span class='ocrx_word' id='word_1_146' title='bbox 844 2280 1007 2362; x_wconf 81' lang='lat' dir='ltr'>accepistis</span> <span class='ocrx_word' id='word_1_147' title='bbox 1036 2279 1129 2363; x_wconf 75' lang='lat' dir='ltr'>tepens</span> <span class='ocrx_word' id='word_1_148' title='bbox 1158 2280 1194 2343; x_wconf 91' lang='lat' dir='ltr'>in</span> <span class='ocrx_word' id='word_1_149' title='bbox 1219 2278 1415 2343; x_wconf 82' lang='lat' dir='ltr'>ordinationes</span> 
     </span>
     <span class='ocr_line' id='line_1_20' title="bbox 265 2381 1415 2469; baseline -0.007 -20"><span class='ocrx_word' id='word_1_150' title='bbox 265 2386 269 2395; x_wconf 84' lang='lat'>&#39;</span> <span class='ocrx_word' id='word_1_151' title='bbox 327 2385 512 2469; x_wconf 82' lang='lat' dir='ltr'>cnpelornrn</span> <span class='ocrx_word' id='word_1_152' title='bbox 527 2390 555 2451; x_wconf 89' lang='lat' dir='ltr'>et</span> <span class='ocrx_word' id='word_1_153' title='bbox 570 2405 634 2451; x_wconf 89' lang='lat' dir='ltr'>non</span> <span class='ocrx_word' id='word_1_154' title='bbox 649 2385 838 2451; x_wconf 82' lang='lat' dir='ltr'>custodistis.</span> <span class='ocrx_word' id='word_1_155' title='bbox 862 2385 940 2449; x_wconf 85' lang='lat' dir='ltr'>hece</span> <span class='ocrx_word' id='word_1_156' title='bbox 956 2402 1028 2449; x_wconf 90' lang='lat' dir='ltr'>cum</span> <span class='ocrx_word' id='word_1_157' title='bbox 1045 2383 1207 2449; x_wconf 86' lang='lat' dir='ltr'>audissent</span> <span class='ocrx_word' id='word_1_158' title='bbox 1220 2382 1339 2460; x_wconf 70' lang='lat' dir='ltr'>Iudaei,</span> <span class='ocrx_word' id='word_1_159' title='bbox 1354 2381 1415 2461; x_wconf 81' lang='lat' dir='ltr'>dign</span> 
     </span>
     <span class='ocr_line' id='line_1_21' title="bbox 327 2486 1431 2570; baseline -0.005 -18"><span class='ocrx_word' id='word_1_160' title='bbox 327 2487 400 2552; x_wconf 90' lang='lat' dir='ltr'>sunt</span> <span class='ocrx_word' id='word_1_161' title='bbox 427 2488 575 2554; x_wconf 86' lang='lat' dir='ltr'>commoti</span> <span class='ocrx_word' id='word_1_162' title='bbox 605 2487 714 2554; x_wconf 86' lang='lat' dir='ltr'>contra</span> <span class='ocrx_word' id='word_1_163' title='bbox 741 2487 975 2552; x_wconf 88' lang='lat' dir='ltr'>sanctissimum</span> <span class='ocrx_word' id='word_1_164' title='bbox 998 2486 1192 2570; x_wconf 87' lang='lat' dir='ltr'>Stephanum</span> <span class='ocrx_word' id='word_1_165' title='bbox 1218 2486 1376 2570; x_wconf 73' lang='lat' dir='ltr'>martyrem</span> <span class='ocrx_word' id='word_1_166' title='bbox 1392 2504 1431 2547; x_wconf 76' lang='lat' dir='ltr'>ane</span> 
     </span>
     <span class='ocr_line' id='line_1_22' title="bbox 326 2587 1415 2674; baseline -0.006 -20"><span class='ocrx_word' id='word_1_167' title='bbox 326 2591 477 2674; x_wconf 80' lang='lat' dir='ltr'>indigne?</span> <span class='ocrx_word' id='word_1_168' title='bbox 500 2591 527 2656; x_wconf 89' lang='lat' dir='ltr'>si</span> <span class='ocrx_word' id='word_1_169' title='bbox 549 2591 688 2674; x_wconf 84' lang='lat' dir='ltr'>indigne,</span> <span class='ocrx_word' id='word_1_170' title='bbox 710 2592 820 2674; x_wconf 90' lang='lat' dir='ltr'>utique</span> <span class='ocrx_word' id='word_1_171' title='bbox 838 2592 869 2658; x_wconf 89' lang='lat' dir='ltr'>et</span> <span class='ocrx_word' id='word_1_172' title='bbox 883 2592 915 2655; x_wconf 88' lang='lat' dir='ltr'>te</span> <span class='ocrx_word' id='word_1_173' title='bbox 929 2587 1057 2674; x_wconf 72' lang='lat' dir='ltr'>indigine</span> <span class='ocrx_word' id='word_1_174' title='bbox 1072 2591 1190 2673; x_wconf 91' lang='lat' dir='ltr'>inspice</span> <span class='ocrx_word' id='word_1_175' title='bbox 1205 2591 1328 2656; x_wconf 87' lang='lat' dir='ltr'>moueri</span> <span class='ocrx_word' id='word_1_176' title='bbox 1340 2589 1415 2652; x_wconf 81' lang='lat' dir='ltr'>cente</span> 
     </span>
     <span class='ocr_line' id='line_1_23' title="bbox 329 2692 1413 2778; baseline -0.005 -21"><span class='ocrx_word' id='word_1_177' title='bbox 329 2711 382 2758; x_wconf 91' lang='lat' dir='ltr'>eos</span> <span class='ocrx_word' id='word_1_178' title='bbox 405 2693 511 2774; x_wconf 90' lang='lat' dir='ltr'>quite</span> <span class='ocrx_word' id='word_1_179' title='bbox 534 2694 658 2758; x_wconf 86' lang='lat' dir='ltr'>saluum</span> <span class='ocrx_word' id='word_1_180' title='bbox 680 2695 788 2760; x_wconf 86' lang='lat' dir='ltr'>uelint</span> <span class='ocrx_word' id='word_1_181' title='bbox 814 2693 944 2761; x_wconf 88' lang='lat' dir='ltr'>aduerte</span> <span class='ocrx_word' id='word_1_182' title='bbox 966 2695 997 2759; x_wconf 91' lang='lat' dir='ltr'>in</span> <span class='ocrx_word' id='word_1_183' title='bbox 1021 2713 1059 2760; x_wconf 88' lang='lat' dir='ltr'>ea</span> <span class='ocrx_word' id='word_1_184' title='bbox 1080 2696 1113 2759; x_wconf 89' lang='lat' dir='ltr'>te</span> <span class='ocrx_word' id='word_1_185' title='bbox 1134 2695 1226 2778; x_wconf 87' lang='lat' dir='ltr'>parts</span> <span class='ocrx_word' id='word_1_186' title='bbox 1245 2695 1326 2758; x_wconf 87' lang='lat' dir='ltr'>stare</span> <span class='ocrx_word' id='word_1_187' title='bbox 1339 2692 1413 2756; x_wconf 81' lang='lat' dir='ltr'>cenna</span> 
     </span>
     <span class='ocr_line' id='line_1_24' title="bbox 248 2793 1413 2880; baseline -0.002 -22"><span class='ocrx_word' id='word_1_188' title='bbox 248 2833 253 2840; x_wconf 87' lang='lat'><strong>·</strong></span> <span class='ocrx_word' id='word_1_189' title='bbox 329 2794 380 2860; x_wconf 91' lang='lat' dir='ltr'>dei</span> <span class='ocrx_word' id='word_1_190' title='bbox 404 2795 590 2874; x_wconf 88' lang='lat' dir='ltr'>ecclesiam,</span> <span class='ocrx_word' id='word_1_191' title='bbox 623 2797 653 2862; x_wconf 92' lang='lat' dir='ltr'>in</span> <span class='ocrx_word' id='word_1_192' title='bbox 678 2816 741 2880; x_wconf 91' lang='lat' dir='ltr'>qua</span> <span class='ocrx_word' id='word_1_193' title='bbox 764 2799 796 2862; x_wconf 89' lang='lat' dir='ltr'>et</span> <span class='ocrx_word' id='word_1_194' title='bbox 816 2797 890 2862; x_wconf 88' lang='lat' dir='ltr'>tune</span> <span class='ocrx_word' id='word_1_195' title='bbox 920 2798 1065 2862; x_wconf 87' lang='lat' dir='ltr'>steterint</span> <span class='ocrx_word' id='word_1_196' title='bbox 1088 2799 1120 2863; x_wconf 91' lang='lat' dir='ltr'>et</span> <span class='ocrx_word' id='word_1_197' title='bbox 1141 2817 1222 2864; x_wconf 92' lang='lat' dir='ltr'>nnnc</span> <span class='ocrx_word' id='word_1_198' title='bbox 1250 2799 1320 2864; x_wconf 90' lang='lat' dir='ltr'>sunt</span> <span class='ocrx_word' id='word_1_199' title='bbox 1337 2793 1413 2860; x_wconf 88' lang='lat' dir='ltr'>ludaei</span> 
     </span>
    </p>

    <p class='ocr_par' dir='ltr' id='par_1_4' title="bbox 282 2896 1429 3706">
     <span class='ocr_line' id='line_1_25' title="bbox 282 2896 1412 2980; baseline -0.004 -18"><span class='ocrx_word' id='word_1_200' title='bbox 282 2925 286 2932; x_wconf 90' lang='lat'><strong>·</strong></span> <span class='ocrx_word' id='word_1_201' title='bbox 328 2898 466 2975; x_wconf 80' lang='lat' dir='ltr'>stantes,</span> <span class='ocrx_word' id='word_1_202' title='bbox 497 2897 541 2963; x_wconf 89' lang='lat' dir='ltr'>sic</span> <span class='ocrx_word' id='word_1_203' title='bbox 563 2900 595 2964; x_wconf 88' lang='lat' dir='ltr'>te</span> <span class='ocrx_word' id='word_1_204' title='bbox 620 2918 688 2964; x_wconf 89' lang='lat' dir='ltr'>esse</span> <span class='ocrx_word' id='word_1_205' title='bbox 713 2899 809 2964; x_wconf 86' lang='lat' dir='ltr'>durae</span> <span class='ocrx_word' id='word_1_206' title='bbox 833 2901 981 2980; x_wconf 84' lang='lat' dir='ltr'>cenricis,</span> <span class='ocrx_word' id='word_1_207' title='bbox 1012 2901 1055 2966; x_wconf 90' lang='lat' dir='ltr'>sic</span> <span class='ocrx_word' id='word_1_208' title='bbox 1079 2900 1331 2978; x_wconf 87' lang='lat' dir='ltr'>incircumcisum</span> <span class='ocrx_word' id='word_1_209' title='bbox 1349 2896 1412 2962; x_wconf 89' lang='lat' dir='ltr'>corde</span> 
     </span>
     <span class='ocr_line' id='line_1_26' title="bbox 328 2999 1429 3084; baseline 0 -20"><span class='ocrx_word' id='word_1_210' title='bbox 328 3001 361 3064; x_wconf 93' lang='lat' dir='ltr'>et</span> <span class='ocrx_word' id='word_1_211' title='bbox 385 3001 528 3075; x_wconf 81' lang='lat' dir='ltr'>auribns3</span> <span class='ocrx_word' id='word_1_212' title='bbox 551 3001 623 3065; x_wconf 91' lang='lat' dir='ltr'>inde</span> <span class='ocrx_word' id='word_1_213' title='bbox 647 3002 696 3066; x_wconf 90' lang='lat' dir='ltr'>est</span> <span class='ocrx_word' id='word_1_214' title='bbox 718 3002 811 3084; x_wconf 83' lang='lat' dir='ltr'>qnod,</span> <span class='ocrx_word' id='word_1_215' title='bbox 837 3003 919 3068; x_wconf 88' lang='lat' dir='ltr'>sicut</span> <span class='ocrx_word' id='word_1_216' title='bbox 940 3002 987 3068; x_wconf 91' lang='lat' dir='ltr'>illi</span> <span class='ocrx_word' id='word_1_217' title='bbox 1010 3003 1173 3068; x_wconf 90' lang='lat' dir='ltr'>audientes</span> <span class='ocrx_word' id='word_1_218' title='bbox 1189 3023 1270 3069; x_wconf 91' lang='lat' dir='ltr'>nera</span> <span class='ocrx_word' id='word_1_219' title='bbox 1283 2999 1429 3068; x_wconf 83' lang='lat' dir='ltr'>nonensi-u</span> 
     </span>
     <span class='ocr_line' id='line_1_27' title="bbox 326 3103 1411 3189; baseline -0.005 -21"><span class='ocrx_word' id='word_1_220' title='bbox 326 3103 465 3181; x_wconf 87' lang='lat' dir='ltr'>nnerint,</span> <span class='ocrx_word' id='word_1_221' title='bbox 498 3103 556 3168; x_wconf 90' lang='lat' dir='ltr'>sed</span> <span class='ocrx_word' id='word_1_222' title='bbox 579 3103 618 3169; x_wconf 90' lang='lat' dir='ltr'>ad</span> <span class='ocrx_word' id='word_1_223' title='bbox 642 3122 751 3169; x_wconf 90' lang='lat' dir='ltr'>necem</span> <span class='ocrx_word' id='word_1_224' title='bbox 775 3104 826 3169; x_wconf 89' lang='lat' dir='ltr'>dei</span> <span class='ocrx_word' id='word_1_225' title='bbox 849 3105 979 3170; x_wconf 87' lang='lat' dir='ltr'>cultoris</span> <span class='ocrx_word' id='word_1_226' title='bbox 1000 3106 1205 3189; x_wconf 78' lang='lat' dir='ltr'>prosilierint,</span> <span class='ocrx_word' id='word_1_227' title='bbox 1231 3107 1277 3172; x_wconf 88' lang='lat' dir='ltr'>sis</span> <span class='ocrx_word' id='word_1_228' title='bbox 1299 3103 1411 3170; x_wconf 81' lang='lat' dir='ltr'>etiamn</span> 
     </span>
     <span class='ocr_line' id='line_1_28' title="bbox 325 3206 1407 3292; baseline -0.002 -22"><span class='ocrx_word' id='word_1_229' title='bbox 325 3207 489 3288; x_wconf 90' lang='lat' dir='ltr'>prosiliens</span> <span class='ocrx_word' id='word_1_230' title='bbox 523 3206 563 3270; x_wconf 89' lang='lat' dir='ltr'>ad</span> <span class='ocrx_word' id='word_1_231' title='bbox 590 3208 729 3272; x_wconf 86' lang='lat' dir='ltr'>nostram</span> <span class='ocrx_word' id='word_1_232' title='bbox 761 3207 885 3292; x_wconf 70' lang='lat' dir='ltr'>integra</span> <span class='ocrx_word' id='word_1_233' title='bbox 919 3210 951 3274; x_wconf 89' lang='lat' dir='ltr'>et</span> <span class='ocrx_word' id='word_1_234' title='bbox 982 3209 1150 3274; x_wconf 82' lang='lat' dir='ltr'>manifesta</span> <span class='ocrx_word' id='word_1_235' title='bbox 1181 3210 1242 3276; x_wconf 91' lang='lat' dir='ltr'>tibi</span> <span class='ocrx_word' id='word_1_236' title='bbox 1277 3208 1407 3274; x_wconf 88' lang='lat' dir='ltr'>dicentim</span> 
     </span>
     <span class='ocr_line' id='line_1_29' title="bbox 326 3310 1406 3398; baseline 0.009 -26"><span class='ocrx_word' id='word_1_237' title='bbox 326 3328 445 3373; x_wconf 85' lang='lat' dir='ltr'>necem.</span> <span class='ocrx_word' id='word_1_238' title='bbox 483 3331 554 3375; x_wconf 87' lang='lat' dir='ltr'>cnrn</span> <span class='ocrx_word' id='word_1_239' title='bbox 577 3316 682 3376; x_wconf 88' lang='lat' dir='ltr'>entem</span> <span class='ocrx_word' id='word_1_240' title='bbox 704 3310 780 3379; x_wconf 83' lang='lat' dir='ltr'>hoec</span> <span class='ocrx_word' id='word_1_241' title='bbox 803 3314 980 3398; x_wconf 80' lang='lat' dir='ltr'>audissent,</span> <span class='ocrx_word' id='word_1_242' title='bbox 1013 3313 1114 3395; x_wconf 88' lang='lat' dir='ltr'>inquit</span> <span class='ocrx_word' id='word_1_243' title='bbox 1144 3311 1254 3378; x_wconf 86' lang='lat' dir='ltr'>diuina</span> <span class='ocrx_word' id='word_1_244' title='bbox 1284 3310 1406 3392; x_wconf 76' lang='lat' dir='ltr'>scriptus</span> 
     </span>
     <span class='ocr_line' id='line_1_30' title="bbox 324 3408 1407 3494; baseline 0.002 -20"><span class='ocrx_word' id='word_1_245' title='bbox 324 3413 501 3494; x_wconf 82' lang='lat' dir='ltr'>frenrchcnt</span> <span class='ocrx_word' id='word_1_246' title='bbox 520 3414 557 3476; x_wconf 90' lang='lat' dir='ltr'>in</span> <span class='ocrx_word' id='word_1_247' title='bbox 578 3413 723 3478; x_wconf 81' lang='lat' dir='ltr'>cordibus</span> <span class='ocrx_word' id='word_1_248' title='bbox 743 3415 820 3490; x_wconf 85' lang='lat' dir='ltr'>suis,</span> <span class='ocrx_word' id='word_1_249' title='bbox 844 3418 873 3479; x_wconf 88' lang='lat' dir='ltr'>et</span> <span class='ocrx_word' id='word_1_250' title='bbox 894 3415 1068 3480; x_wconf 80' lang='lat' dir='ltr'>stridebant</span> <span class='ocrx_word' id='word_1_251' title='bbox 1090 3414 1234 3480; x_wconf 82' lang='lat' dir='ltr'>dentibus</span> <span class='ocrx_word' id='word_1_252' title='bbox 1258 3417 1293 3480; x_wconf 84' lang='lat' dir='ltr'>in</span> <span class='ocrx_word' id='word_1_253' title='bbox 1308 3433 1372 3490; x_wconf 83' lang='lat' dir='ltr'>eun,</span> <span class='ocrx_word' id='word_1_254' title='bbox 1388 3408 1407 3470; x_wconf 80' lang='lat' dir='ltr'>et</span> 
     </span>
     <span class='ocr_line' id='line_1_31' title="bbox 326 3512 1427 3606; baseline -0.001 -28"><span class='ocrx_word' id='word_1_255' title='bbox 326 3512 420 3606; x_wconf 87' lang='lat' dir='ltr'>infra:</span> <span class='ocrx_word' id='word_1_256' title='bbox 444 3515 616 3580; x_wconf 84' lang='lat' dir='ltr'>clementes</span> <span class='ocrx_word' id='word_1_257' title='bbox 639 3521 744 3582; x_wconf 86' lang='lat' dir='ltr'>antem</span> <span class='ocrx_word' id='word_1_258' title='bbox 766 3536 841 3582; x_wconf 90' lang='lat' dir='ltr'>noce</span> <span class='ocrx_word' id='word_1_259' title='bbox 855 3537 985 3600; x_wconf 77' lang='lat' dir='ltr'>nnpne,</span> <span class='ocrx_word' id='word_1_260' title='bbox 1011 3523 1253 3600; x_wconf 83' lang='lat' dir='ltr'>conpresscrnnt</span> <span class='ocrx_word' id='word_1_261' title='bbox 1267 3535 1350 3582; x_wconf 86' lang='lat' dir='ltr'>cnres</span> <span class='ocrx_word' id='word_1_262' title='bbox 1361 3525 1427 3576; x_wconf 76' lang='lat' dir='ltr'>sunt</span> 
     </span>
     <span class='ocr_line' id='line_1_32' title="bbox 326 3614 1405 3706; baseline -0.006 -24"><span class='ocrx_word' id='word_1_263' title='bbox 326 3622 354 3682; x_wconf 88' lang='lat' dir='ltr'>et</span> <span class='ocrx_word' id='word_1_264' title='bbox 376 3618 528 3700; x_wconf 80' lang='lat' dir='ltr'>impetum</span> <span class='ocrx_word' id='word_1_265' title='bbox 548 3618 689 3706; x_wconf 81' lang='lat' dir='ltr'>fecerunt</span> <span class='ocrx_word' id='word_1_266' title='bbox 709 3640 775 3684; x_wconf 87' lang='lat' dir='ltr'>nno</span> <span class='ocrx_word' id='word_1_267' title='bbox 791 3620 899 3684; x_wconf 83' lang='lat' dir='ltr'>animo</span> <span class='ocrx_word' id='word_1_268' title='bbox 915 3623 1045 3704; x_wconf 76' lang='lat' dir='ltr'>inerim,</span> <span class='ocrx_word' id='word_1_269' title='bbox 1069 3625 1096 3684; x_wconf 88' lang='lat' dir='ltr'>et</span> <span class='ocrx_word' id='word_1_270' title='bbox 1111 3621 1242 3685; x_wconf 86' lang='lat' dir='ltr'>eiectum</span> <span class='ocrx_word' id='word_1_271' title='bbox 1260 3625 1341 3685; x_wconf 78' lang='lat' dir='ltr'>entre</span> <span class='ocrx_word' id='word_1_272' title='bbox 1352 3614 1405 3680; x_wconf 80' lang='lat' dir='ltr'>ciri</span> 
     </span>
    </p>
   </div>
   <div class='ocr_carea' id='block_1_3' title="bbox 427 3773 1267 3872">
    <p class='ocr_par' dir='ltr' id='par_1_5' title="bbox 427 3773 1267 3872">
     <span class='ocr_line' id='line_1_33' title="bbox 427 3773 1267 3872; baseline 0.005 -15"><span class='ocrx_word' id='word_1_273' title='bbox 427 3783 459 3857; x_wconf 77' lang='lat' dir='ltr'>&#39;rs</span> <span class='ocrx_word' id='word_1_274' title='bbox 477 3805 535 3858; x_wconf 69' lang='lat' dir='ltr'>nce</span> <span class='ocrx_word' id='word_1_275' title='bbox 555 3805 579 3869; x_wconf 88' lang='lat' dir='ltr'>r,</span> <span class='ocrx_word' id='word_1_276' title='bbox 598 3805 700 3858; x_wconf 82' lang='lat' dir='ltr'>sr-ss</span> <span class='ocrx_word' id='word_1_277' title='bbox 770 3806 803 3860; x_wconf 80' lang='lat' dir='ltr'>es</span> <span class='ocrx_word' id='word_1_278' title='bbox 821 3805 857 3861; x_wconf 79' lang='lat' dir='ltr'>rb.</span> <span class='ocrx_word' id='word_1_279' title='bbox 877 3809 901 3872; x_wconf 88' lang='lat' dir='ltr'>r,</span> <span class='ocrx_word' id='word_1_280' title='bbox 921 3808 955 3860; x_wconf 84' lang='lat'>54</span> <span class='ocrx_word' id='word_1_281' title='bbox 984 3773 986 3779; x_wconf 68' lang='grc'><strong>’</strong></span> <span class='ocrx_word' id='word_1_282' title='bbox 1023 3805 1056 3860; x_wconf 88' lang='lat' dir='ltr'>so</span> <span class='ocrx_word' id='word_1_283' title='bbox 1074 3807 1109 3862; x_wconf 82' lang='lat' dir='ltr'>se.</span> <span class='ocrx_word' id='word_1_284' title='bbox 1129 3809 1153 3872; x_wconf 86' lang='lat' dir='ltr'>r,</span> <span class='ocrx_word' id='word_1_285' title='bbox 1173 3808 1214 3864; x_wconf 84' lang='lat'>57.</span> <span class='ocrx_word' id='word_1_286' title='bbox 1234 3810 1267 3862; x_wconf 83' lang='lat' dir='ltr'>ss</span> 
     </span>
    </p>
   </div>
   <div class='ocr_carea' id='block_1_4' title="bbox 324 3973 1403 4326">
    <p class='ocr_par' dir='ltr' id='par_1_6' title="bbox 324 3973 1403 4326">
     <span class='ocr_line' id='line_1_34' title="bbox 375 3973 1401 4049; baseline 0.01 -19"><span class='ocrx_word' id='word_1_287' title='bbox 375 3973 542 4030; x_wconf 76' lang='lat' dir='ltr'>linuitante</span> <span class='ocrx_word' id='word_1_288' title='bbox 560 3975 672 4046; x_wconf 77' lang='lat' dir='ltr'>scripsi,</span> <span class='ocrx_word' id='word_1_289' title='bbox 689 3977 849 4034; x_wconf 82' lang='lat' dir='ltr'>innitentem</span> <span class='ocrx_word' id='word_1_290' title='bbox 870 3979 909 4034; x_wconf 89' lang='lat' dir='ltr'>Vn</span> <span class='ocrx_word' id='word_1_291' title='bbox 1004 3979 1261 4049; x_wconf 75' lang='lat' dir='ltr'>heatisagentemo</span> <span class='ocrx_word' id='word_1_292' title='bbox 1342 3977 1401 4040; x_wconf 66' lang='lat' dir='ltr'>llll</span> 
     </span>
     <span class='ocr_line' id='line_1_35' title="bbox 325 4054 1360 4154; baseline 0.001 -22"><span class='ocrx_word' id='word_1_293' title='bbox 325 4054 406 4133; x_wconf 73' lang='lat' dir='ltr'>scolis</span> <span class='ocrx_word' id='word_1_294' title='bbox 425 4079 444 4147; x_wconf 81' lang='lat'>&lt;¹</span> <span class='ocrx_word' id='word_1_295' title='bbox 461 4097 495 4134; x_wconf 87' lang='lat' dir='ltr'>m.</span> <span class='ocrx_word' id='word_1_296' title='bbox 508 4079 569 4147; x_wconf 87' lang='lat' dir='ltr'>alt.)</span> <span class='ocrx_word' id='word_1_297' title='bbox 640 4080 671 4133; x_wconf 94' lang='lat'>11</span> <span class='ocrx_word' id='word_1_298' title='bbox 685 4084 793 4135; x_wconf 86' lang='lat' dir='ltr'>conatos</span> <span class='ocrx_word' id='word_1_299' title='bbox 863 4082 895 4135; x_wconf 85' lang='grc'>13</span> <span class='ocrx_word' id='word_1_300' title='bbox 908 4081 1057 4136; x_wconf 82' lang='lat' dir='ltr'>stheianum</span> <span class='ocrx_word' id='word_1_301' title='bbox 1127 4083 1159 4138; x_wconf 89' lang='lat'>18</span> <span class='ocrx_word' id='word_1_302' title='bbox 1173 4085 1234 4152; x_wconf 86' lang='lat' dir='ltr'>quia</span> <span class='ocrx_word' id='word_1_303' title='bbox 1247 4083 1360 4154; x_wconf 84' lang='lat' dir='ltr'>cepistiee</span> 
     </span>
     <span class='ocr_line' id='line_1_36' title="bbox 324 4151 1403 4238; baseline 0.009 -23"><span class='ocrx_word' id='word_1_304' title='bbox 324 4163 358 4216; x_wconf 82' lang='lat'>24</span> <span class='ocrx_word' id='word_1_305' title='bbox 374 4151 402 4217; x_wconf 72' lang='lat' dir='ltr'>t‘c</span> <span class='ocrx_word' id='word_1_306' title='bbox 421 4169 446 4231; x_wconf 87' lang='lat' dir='ltr'>(e</span> <span class='ocrx_word' id='word_1_307' title='bbox 463 4165 495 4219; x_wconf 83' lang='lat' dir='ltr'>r&#39;n</span> <span class='ocrx_word' id='word_1_308' title='bbox 512 4167 611 4234; x_wconf 42' lang='grc' dir='ltr'><em>ται),</em></span> <span class='ocrx_word' id='word_1_309' title='bbox 661 4169 695 4220; x_wconf 77' lang='grc'>27</span> <span class='ocrx_word' id='word_1_310' title='bbox 713 4168 844 4236; x_wconf 80' lang='lat' dir='ltr'>integram</span> <span class='ocrx_word' id='word_1_311' title='bbox 862 4187 891 4236; x_wconf 87' lang='lat' dir='ltr'>o,</span> <span class='ocrx_word' id='word_1_312' title='bbox 909 4169 984 4223; x_wconf 85' lang='lat' dir='ltr'>unde</span> <span class='ocrx_word' id='word_1_313' title='bbox 1001 4170 1131 4238; x_wconf 79' lang='lat' dir='ltr'>integram</span> <span class='ocrx_word' id='word_1_314' title='bbox 1149 4173 1177 4223; x_wconf 88' lang='lat' dir='ltr'>et</span> <span class='ocrx_word' id='word_1_315' title='bbox 1194 4172 1345 4226; x_wconf 73' lang='lat' dir='ltr'>manifestem</span> <span class='ocrx_word' id='word_1_316' title='bbox 1358 4161 1403 4218; x_wconf 71' lang='lat' dir='ltr'>not</span> 
     </span>
     <span class='ocr_line' id='line_1_37' title="bbox 324 4251 1269 4326; baseline 0.007 -22"><span class='ocrx_word' id='word_1_317' title='bbox 324 4251 450 4316; x_wconf 82' lang='lat' dir='ltr'>fecerunt</span> <span class='ocrx_word' id='word_1_318' title='bbox 467 4251 671 4321; x_wconf 76' lang='lat' dir='ltr'>andnncnees</span> <span class='ocrx_word' id='word_1_319' title='bbox 740 4255 774 4308; x_wconf 80' lang='lat'>28</span> <span class='ocrx_word' id='word_1_320' title='bbox 792 4254 910 4308; x_wconf 80' lang='lat' dir='ltr'>audisset</span> <span class='ocrx_word' id='word_1_321' title='bbox 927 4255 1018 4326; x_wconf 87' lang='lat' dir='ltr'>inquid</span> <span class='ocrx_word' id='word_1_322' title='bbox 1087 4257 1118 4309; x_wconf 88' lang='grc'>31</span> <span class='ocrx_word' id='word_1_323' title='bbox 1139 4256 1249 4312; x_wconf 85' lang='lat' dir='ltr'>ciuitate</span> <span class='ocrx_word' id='word_1_324' title='bbox 1267 4297 1269 4304; x_wconf 83' lang='grc'>.</span> 
     </span>
    </p>
   </div>
   <div class='ocr_carea' id='block_1_5' title="bbox 0 0 1530 5000">
    <p class='ocr_par' dir='ltr' id='par_1_7' title="bbox 0 0 1530 5000">
     <span class='ocr_line' id='line_1_38' title="bbox 0 0 1530 5000; baseline 0 0"><span class='ocrx_word' id='word_1_325' title='bbox 0 0 1530 5000; x_wconf 95' lang='lat' dir='ltr'> </span> 
     </span>
    </p>
   </div>
  </div>
 </body>
</html>
