3050 5000
270 389 325 438 1111

271 557 342 622 caui
380 557 423 623 et'
448 557 612 624 cuiusdam
649 557 762 625 Veneti
807 559 1026 626 auctoritatem
1067 563 1270 642 reuocabant,
1314 582 1398 647 quae

271 661 451 728 obscuriora
479 661 663 728 uiderentur
687 662 854 748 diligenter
880 659 1175 747 interpretabantur.
1213 666 1298 748 quod
1318 685 1396 732 uere

138 849 140 854 Ι
269 764 371 830 multa
391 765 576 850 imperfecta
597 767 650 831 uel
675 767 797 832 intaeta
817 767 1013 850 reliquemnt
1035 785 1115 851 quae
1136 768 1258 833 codicis
1276 769 1397 835 auxilio

270 868 356 933 nulle
389 868 515 952 negotio
548 869 693 952 expedire
721 872 876 954 poterant,
913 870 1042 936 ueniam
1072 887 1132 935 non
1168 871 1397 956 denegabimus

193 971 196 978 ’
270 970 347 1036 uiris
385 969 520 1054 optimis,
559 972 612 1053 qui
649 973 685 1036 ut
719 974 795 1037 trane
831 972 983 1056 temporis
1015 972 1157 1055 plerique
1189 991 1297 1039 omnes
1333 974 1395 1040 sibi

268 1073 358 1139 libris
405 1074 566 1156 impressis
613 1074 706 1139 nimis
748 1075 866 1158 imponi
908 1075 1099 1158 paterentur.
1160 1074 1200 1140 de
1243 1077 1396 1142 subsidiis

269 1195 345 1241 uero
379 1175 491 1258 quihus
524 1177 574 1241 usi
607 1175 669 1241 sint
703 1178 735 1241 et
768 1177 914 1243 editionis
946 1177 1076 1242 consilio
1108 1178 1186 1242 haec
1216 1178 1334 1244 hebent
1361 1179 1394 1242 in

269 1278 366 1360 praef.
399 1297 428 1361 p.
457 1279 551 1366 VIIl:
587 1273 636 1344 ‘sc
673 1279 809 1363 primum
844 1281 946 1364 ipsam
984 1277 1058 1345 'lilii
1098 1278 1268 1345 editionem
1302 1281 1396 1351 uobis

271 1383 464 1464 sequendam
486 1383 714 1466 proposuimus,
737 1385 851 1466 quippe
867 1403 948 1467 quae
971 1367 1115 1448 ueterum
1130 1383 1287 1461 codicum,
1310 1382 1395 1448 u'nde

152 1477 156 1484 ’
269 1485 297 1548 is
319 1483 458 1549 Luciferi
478 1483 575 1550 libros
588 1487 708 1568 primus
723 1487 814 1564 eruit,
834 1488 1003 1570 genuinum
1020 1487 1062 1560 sit
1077 1485 1270 1568 exemplum3
1293 1505 1396 1568 neque

272 1587 354 1651 enim
377 1606 457 1670 quae
479 1586 527 1676 illi
548 1588 654 1653 insunt
675 1589 801 1667 menda,
820 1591 1005 1674 typographi
1020 1590 1132 1672 magis,
1157 1609 1250 1671 qnam
1265 1589 1395 1655 librari·

272 1709 361 1756 orum
396 1689 593 1788 antiquorum
625 1685 770 1758 inscitiae
805 1693 859 1757 aut
890 1693 1030 1758 mennae
1053 1693 1126 1758 sunt
1147 1692 1325 1771 tribuenda,
1346 1693 1393 1755 uti

270 1792 399 1858 inferius
427 1793 638 1860 monebimus:
656 1796 814 1866 ,caeterae
844 1814 919 1860 uero
949 1794 1112 1871 editiones,
1140 1795 1166 1860 si
1190 1793 1394 1861 Gallandium

270 1896 417 1977 excipias,
440 1895 562 1961 tantum
587 1897 783 1962 auctoritatis
804 1917 879 1980 prae
901 1917 936 1964 se
953 1916 1015 1962 nou
1036 1897 1150 1977 ferunt,
1172 1898 1209 1961 ut
1229 1898 1303 1964 illas
1323 1898 1393 1962 tuto

270 1998 360 2080 sequi
380 2017 553 2084 possemus,
577 2017 648 2064 eum
672 1998 828 2064 editorum
851 1999 1024 2077 arbitrium,
1048 2017 1109 2064 nou
1125 2018 1226 2081 aequa
1248 1999 1392 2064 animad-

268 2101 382 2178 uersio,
417 2119 538 2167 errores
568 2101 648 2166 forte
682 2101 846 2166 sustulerit
879 2102 1008 2184 aliquot,
1031 2119 1092 2167 non
1114 2119 1231 2184 paucos
1253 2100 1392 2166 certain

271 2201 397 2269 easdem
426 2202 576 2268 intulerit.
615 2203 671 2269 sed
702 2223 775 2268 cum
797 2205 916 2270 codicis
941 2203 1074 2269 alicuius
1098 2223 1188 2287 opem
1210 2203 1301 2270 nobis
1324 2221 1393 2267 esse

269 2307 480 2372 necessariam
513 2306 703 2385 uideremus,
738 2326 873 2390 quocum
905 2307 1028 2372 'liliana
1058 2307 1154 2372 editio
1189 2306 1397 2382 conferretur,

269 2407 359 2472 illum
383 2410 553 2492 opportune
575 2410 607 2474 in
630 2397 786 2475 Vaticana
806 2410 997 2475 bibliotheca
1018 2409 1104 2474 nacti
1124 2428 1232 2474 sumus
1255 2407 1394 2484 saeculo,

270 2512 306 2575 ut
321 2512 417 2591 aiunt,
441 2532 520 2579 nono
537 2513 739 2597 descriptum,
764 2516 796 2579 et
809 2513 842 2578 iu
856 2514 970 2579 loculis
984 2513 1193 2579 bibliothecae
1203 2511 1395 2589 ,distinctum

270 2632 353 2679 num.
379 2616 419 2679 75
440 2615 500 2680 litt.
521 2616 559 2681 N.
584 2618 629 2696 Ρ.,
659 2618 747 2683 cuius
778 2618 920 2683 diuersae
950 2636 969 2681 a
993 2615 1122 2681 Tilianis
1157 2615 1308 2679 dictiones
1337 2632 1392 2679 er-

271 2717 406 2799 scriptae
431 2719 472 2783 ad
493 2737 549 2784 nos
571 2720 805 2803 perhumaniter
825 2720 1030 2785 transmissae
1046 2720 1133 2794 sunt;
1158 2718 1291 2783 sednon
1308 2716 1394 2781 eius-

270 2820 356 2883 modi
386 2822 467 2899 sunt,
499 2840 579 2903 quae
610 2823 797 2888 sententiam
826 2823 1003 2900 immutent,
1027 2822 1060 2887 et
1080 2822 1186 2886 uarias
1207 2820 1396 2903 plemmque

271 2940 377 3000 uoces,
407 2924 497 2988 uaria
525 2924 563 2989 ab
595 2925 686 2991 editis
713 2944 750 2990 ex
775 2925 896 2990 Titiano
918 2924 1027 2990 codice
1050 2925 1176 2989 nomina
1198 2919 1394 2989 solummodo

272 3030 434 3106 exhibent3
457 3027 541 3092 unde
563 3028 721 3107 coniicias,
744 3028 860 3112 plures,
884 3027 937 3109 qui
958 3026 1106 3108 leguntur
1123 3044 1243 3091 errores
1257 3025 1289 3089 in
1305 3023 1397 3089 libris

269 3132 417 3209 Luciferi,
447 3130 565 3195 inculto
597 3131 701 3213 potius
731 3131 762 3194 et
787 3148 888 3212 paene
916 3129 1050 3194 barbaro
1071 3127 1206 3192 heminis
1229 3126 1301 3191 stilo
1324 3144 1392 3191 osse

270 3235 463 3311 tribuendos,
487 3252 582 3315 quam
596 3232 793 3297 librariorum
810 3231 931 3325 culpae:
963 3230 1058 3295 alium
1073 3230 1238 3311 praeterea
1252 3228 1393 3323 codicem

272 3340 361 3405 nobis
396 3337 606 3403 adhibendum
639 3336 749 3400 tribuit
781 3334 1025 3400 humanissimus
1059 3351 1134 3398 sane
1164 3333 1196 3395 et
1226 3329 1393 3413 multiplici

273 3441 446 3507 eruditione
482 3439 614 3504 illustris
650 3439 811 3523 presbyter
842 3439 879 3501 D.
913 3437 1096 3503 Matthaeus
1129 3434 1276 3518 Aloysius
1313 3432 1391 3517 ciuis

272 3543 411 3609 Venetus
435 3562 450 3607 e
475 3560 533 3607 sua
552 3541 744 3606 'bibliotheca
766 3540 1062 3617 uetustissimomm,
1084 3536 1271 3620 praesertim
1292 3534 1391 3599 Bibli-

273 3664 380 3711 corum
403 3645 547 3710 codicum
571 3644 733 3709 ditissima.
772 3643 870 3707 codex
892 3643 963 3720 iate,
988 3660 1082 3723 quem
1103 3638 1260 3703 Venatum
1283 3636 1391 3719 appel·

271 3748 384 3826 lamus,
422 3748 493 3812 ante
533 3765 628 3811 annes
666 3746 729 3809 sere
764 3745 961 3827 octingentes
994 3743 1130 3825 scriptus
1164 3740 1330 3807 Athanasii
1363 3738 1393 3800 et

273 3852 444 3916 Athanasio
478 3850 633 3932 quaedam
663 3847 814 3913 attributa
844 3866 938 3930 opera
968 3845 1117 3923 continet,
1146 3843 1178 3907 in
1200 3844 1302 3925 iisque
1323 3841 1391 3905 lon-

273 3955 393 4037 giorem
421 3954 513 4018 huius
544 3952 709 4035 epistelam
742 3948 993 4026 adhaeseram,
1024 3947 1114 4022 cuius
1136 3965 1194 4011 ms.
1220 3942 1392 4025 exemplum

274 4075 345 4120 oum
370 4056 492 4121 Tiliana
512 4055 576 4119 iam
599 4055 684 4121 edita
706 4044 914 4119 centulimns'.
1117 4039 1121 4047 ’

317 4175 392 4272 ln'de
409 4175 536 4241 Caletos
553 4175 590 4239 de
606 4174 746 4259 pluribus
762 4172 934 4248 codicibus,
959 4170 1012 4253 qui
1028 4170 1110 4235 lilio
1131 4130 1257 4251 praesto
1272 4165 1393 4241 fuerint,

274 4276 353 4341 false
377 4278 534 4359 cogitasse
557 4296 657 4359 neque
679 4294 775 4340 unum
799 4273 995 4355 eundemque
1010 4291 1079 4337 esse
1095 4272 1284 4336 Vaticanum
1305 4286 1395 4370 suum
