3050 5000
328 427 370 480 De
389 443 442 480 nen
460 424 590 497 parcendo
608 428 637 481 in
655 426 732 482 deum
750 394 971 498 delinquentibus.
1150 392 1211 497 Ι241

85 618 167 683 dum
187 616 269 683 celat
288 618 390 683 celum
412 618 498 701 leuis,
519 622 635 699 raptus
656 620 700 683 cst
722 618 766 682 od
788 618 918 685 coelum.
942 619 1107 701 Ananias,
1128 621 1212 685 Arm

85 724 158 787 rios
174 726 202 787 et
218 720 360 788 Misolcel
374 722 530 787 crederetis
546 722 671 787 literati
686 725 763 787 suut
783 722 821 787 ote
842 722 986 803 flumme.
1011 721 1155 788 Deuitel
1176 724 1213 788 iu

85 845 150 891 sua
171 827 376 906 simplicitate
398 824 550 891 literatus
571 830 618 891 est
638 825 676 892 de
697 846 749 891 erc
775 826 909 891 leouum.
947 831 976 892 et
1002 827 1052 891 ito
1080 828 1213 911 cecitate

84 951 145 1011 per
164 932 400 1019 ceucrotiouem
422 934 452 995 et
473 931 720 1015 ceucrotiouem,
736 947 739 951 ’
754 932 834 1012 quic
863 950 969 997 omues
993 930 1053 1012 ‘qui
1081 933 1215 1011 speraret

53 1035 127 1100 siu
148 1052 219 1099 eum
241 1053 305 1098 um
327 1033 587 1116 iufirmoluutur.
625 1038 655 1099 et
680 1056 702 1098 c
728 1034 833 1099 uerbis
854 1032 922 1098 uiri
944 1033 1119 1116 peccatoris
1148 1052 1213 1097 ueu

87 1136 277 1215 timueritis,
306 1136 384 1218 quio
405 1134 512 1220 clorio
534 1137 603 1201 eius
624 1137 661 1200 iu
683 1140 815 1201 stercore
837 1140 873 1199 et·
887 1156 1013 1200 uermes.
1049 1136 1137 1201 todia
1159 1156 1212 1200 eu-

87 1239 222 1320 tollitur,
256 1259 328 1305 eros
357 1260 424 1304 uou
452 1241 643 1323 iuueuietur,
677 1240 755 1321 quio
778 1258 948 1303 conuersus
969 1242 1014 1303 est
1034 1240 1072 1304 iu
1094 1244 1213 1322 terram

85 1363 182 1407 suom
203 1347 235 1407 et
255 1336 403 1427 coqitat'io
426 1343 494 1407 eius
509 1342 640 1425 peredit.
677 1342 753 1425 felii,
777 1340 1004 1422 confortamini
1025 1347 1053 1407 et
1069 1352 1236 1424 proeuo·'

85 1446 145 1510 lete
167 1446 202 1509 iu
225 1444 298 1529 leqe,
320 1448 399 1529 quio
420 1448 458 1511 iu
479 1448 554 1529 ipso
573 1447 705 1530 yloriesi
718 1446 817 1511 eritis.
842 1450 873 1511 et
885 1464 949 1510 ecee
964 1444 1097 1529 Symeon
1112 1448 1214 1529 frater

32 1573 69 1612 ιο
84 1557 209 1641 uester,
237 1552 302 1616 scie
324 1553 407 1634 quod
428 1552 483 1615 uir
504 1552 633 1617 consilii
655 1556 719 1634 est;
754 1550 848 1616 illum
878 1552 1001 1633 audite,
1036 1552 1103 1633 ipsc
1125 1550 1213 1615 uobis

79 1660 179 1737 pater
199 1656 269 1722 crit.
306 1659 336 1718 et
356 1654 460 1719 Iudas
482 1648 702 1720 Moclcchoeus
730 1654 827 1733 fortis
854 1656 978 1721 uiribus
1007 1676 1028 1719 o
1049 1655 1214 1719 immittite

84 1780 147 1824 suo
168 1759 212 1823 sit
232 1760 319 1824 uotis
338 1758 538 1841 principalis
559 1757 710 1838 militiae,
745 1764 775 1823 et
803 1759 997 1842 eupuyuotit
1023 1758 1147 1823 tellum.
1185 1759 1215 1821 et

84 1862 248 1927 adducetis
270 1863 313 1927 cd
334 1883 390 1927 uos
413 1883 519 1927 omues
540 1862 676 1943 factores
699 1862 777 1946 leuis
799 1867 828 1927 et
848 1863 1011 1928 uiudicote
1033 1862 1212 1927 uimlictom

77 1966 197 2049 populi
218 1966 326 2048 uestri,
348 1965 512 2030 retrrluite
535 1966 772 2030 retributionem
792 1966 936 2048 oculitus
958 1970 986 2029 et
1008 1964 1161 2029 iuteudite
1176 1964 1213 2028 iu

32 2091 69 2131 15
78 2074 286 2153 praeceptum
314 2067 399 2153 leuis.
437 2069 562 2153 quande
590 2068 697 2150 itaque
726 2066 837 2133 uideas
860 2068 938 2133 talia
958 2068 1129 2150 praecepta
1154 2066 1211 2132 de-

84 2173 171 2237 disse
188 2171 261 2237 filiis
286 2173 318 2236 et
340 2191 378 2236 ea
399 2172 568 2236 mandasse
590 2172 659 2236 fieri
682 2191 762 2254 quae
788 2172 883 2237 etiam
904 2171 1016 2237 feeerit
1037 2172 1114 2254 ipse,
1139 2192 1212 2239 cum
1326 2246 1329 2255 ,

84 2275 199 2340 deceat
227 2276 271 2340 sie
299 2275 496 2357 patriarchas
524 2276 692 2358 prophetae
721 2275 754 2343 et
782 2276 911 2341 cunctos
938 2276 1038 2341 iustos
1063 2276 1121 2341 dee
1143 2277 1210 2360 pla-

82 2379 198 2457 cuisse,
222 2378 299 2461 quid
320 2398 390 2457 nos,
408 2380 444 2444 tu
465 2380 642 2457 tenebrose,
666 2397 704 2443 ne
726 2378 785 2443 tibi
801 2380 1001 2446 contumaees
1019 2379 1210 2465 uideremus,

79 2483 230 2547 uolueras
258 2480 384 2548 lasere?
421 2483 667 2548 cessissemusne
696 2482 755 2548 tibi
783 2484 907 2548 mortue
934 2482 1015 2560 uiui,
1052 2483 1102 2549 dei
1126 2484 1210 2549 serui

30 2607 63 2646 20
81 2585 215 2664 satelliti
238 2585 364 2665 diaboli,
388 2606 461 2651 cum
483 2606 594 2651 cernas
612 2587 708 2651 istum
724 2587 912 2651 Matathiam
930 2586 1033 2651 dicere
1051 2588 1091 2654 ad
1105 2587 1210 2653 filies?

80 2696 112 2754 et
136 2691 183 2753 ito
203 2692 335 2771 cecitate
351 2712 414 2772 per
434 2693 667 2774 uenerationem
689 2695 717 2756 et
737 2693 983 2775 yeuerotimem,
1007 2693 1086 2774 quia
1104 2712 1210 2757 omues

78 2794 292 2876 quisperant
312 2794 349 2858 iu
370 2814 442 2859 eum
463 2814 527 2860 uou
549 2794 809 2877 infirmabuntur.
834 2799 864 2860 et
884 2816 905 2859 o
926 2795 1030 2860 uerbis
1052 2795 1120 2860 uiri
1129 2814 1207 2876 pec·

78 2896 202 2960 catoris
222 2916 289 2961 uou
311 2896 493 2977 timueritis,
517 2897 596 2980 quio
616 2896 722 2981 yterio
743 2899 811 2963 cius
828 2899 865 2962 iu
880 2885 1011 2964 stercore
1033 2902 1062 2962 et
1076 2889 1206 2964 uermes.

78 2998 176 3064 hodie
196 2999 368 3083 extollitur,
401 3004 523 3064 eteros
546 3020 611 3064 uou
632 3001 827 3080 iuueuietur,
861 3002 938 3083 quio
965 3022 1133 3067 couuersus
1166 3006 1211 3067 est

31 3120 62 3159 ss
78 3103 120 3165 iu
150 3105 267 3165 terram
300 3122 392 3167 suom
424 3108 453 3167 ct
481 3091 628 3186 coqitotio
656 3105 724 3169 cius
745 3103 873 3185 peribit.
912 3124 952 3169 ne
980 3105 1039 3169 tibi
1068 3104 1209 3170 iniuriosi

79 3205 258 3284 uideamur,
281 3223 448 3289 parcamus
470 3204 529 3270 tibi
553 3205 604 3269 dei
624 3205 751 3271 demum
767 3207 950 3282 destruenti,
973 3208 1031 3272 tihi
1048 3209 1100 3289 qui
1115 3207 1209 3272 hodie

80 3310 128 3375 eis
153 3309 276 3374 eteras
300 3309 361 3374 eris
383 3309 415 3373 in
437 3327 562 3373 uermes
586 3309 618 3372 et
633 3308 782 3388 stercore,
807 3310 839 3373 et
853 3310 931 3374 hane
947 3309 1109 3378 trahamus
1126 3309 1208 3392 apud

80 3412 180 3476 deum
203 3411 360 3488 offensam,
385 3429 446 3494 que
468 3412 574 3476 tecum
595 3431 775 3475 mereamur
796 3412 961 3496 redigi'ad
982 3412 1134 3476 nihilum?

125 3515 211 3580 XVI.
236 3514 397 3598 Cognosce
420 3515 491 3597 post
512 3516 603 3593 haee,
627 3515 702 3597 quid
724 3516 820 3580 etiam
842 3515 899 3580 filii
919 3516 1093 3581 Matathiae
1115 3516 1208 3583 istius

30 3635 62 3674 ³0
76 3617 315 3700 religiosissimi
342 3617 491 3697 fecerint,
526 3619 554 3684 ei
575 3618 739 3683 timuerint
761 3619 977 3685 concarnificis
999 3620 1047 3684 tui
1069 3638 1206 3699 manum,
1266 3693 1268 3699 y

78 3721 109 3786 si
141 3722 312 3786 exercitum
341 3721 427 3786 illius
456 3721 528 3786 aute
557 3721 666 3786 oeulos
697 3721 864 3787 habuerint
893 3723 924 3786 et
952 3743 1013 3787 neu
1047 3723 1207 3788 dominum

188 3961 219 4014 21
238 3960 252 4014 1
268 3960 355 4015 naeu
372 3961 397 4029 a,
416 3961 519 4015 e1-ee

132 4167 226 4236 aqua
250 4170 271 4237 (a
289 4169 372 4234 erae.)
451 4166 690 4220 enumeramus.
710 4164 881 4220 wmarus
958 4167 1031 4223 sm
1111 4170 1144 4224 re
1157 4173 1207 4236 uu.
1256 4139 1258 4141 ’

73 4253 179 4326 ,nuum
288 4252 322 4306 20
339 4252 480 4306 matthiam
562 4251 623 4304 ’23
640 4252 762 4320 stercore]
782 4252 836 4305 cine
853 4253 921 4307 odd.
1023 4255 1056 4308 27
1076 4259 1139 4324 aput

77 4340 115 4394 29
133 4339 265 4394 matthiae
326 4407 333 4421 ι

130 4443 214 4500 11111
1067 4442 1100 4499 16
