3050 5000
297 341 340 408 48
786 340 935 397 Luciferi

1464 441 1465 500 l

300 531 344 596 od
364 552 420 597 me.
467 536 496 596 ot
521 531 650 616 ropoott
672 529 762 596 bomo
790 531 841 597 dei
865 532 981 613 faciem
1007 532 1141 619 domini,
1176 537 1364 598 etremorso
1383 541 1420 600 est

299 656 416 702 monos
443 635 527 720 repis
554 635 598 701 od
627 656 707 714 eam,
741 640 770 700 et
797 637 886 718 facto
913 640 959 701 cot
985 636 1250 719 quemadmodum
1274 637 1416 718 primum.
1464 651 1465 712 l

297 741 417 824 inpleta
450 758 523 804 cnm
555 739 673 805 uiderit
700 738 732 803 et
758 738 903 823 prodigia
935 758 1016 822 quae
1052 739 1175 804 funerant
1209 757 1266 804 ore
1296 740 1417 804 hominis
1464 743 1465 824 j

298 844 421 927 prolata
451 843 503 908 dei
531 842 564 907 et
590 842 755 908 brachium
783 841 916 924 impium
944 843 1124 925 porrectum
1153 843 1194 908 ad
1217 842 1271 907 dei
1297 844 1417 908 hominis

300 967 411 1014 necem
431 946 561 1028 repente
585 945 708 1010 andum
731 943 851 1009 lactum
873 963 929 1028 pro
951 945 1050 1024 metu,
1073 945 1159 1012 illico
1184 945 1285 1011 etium
1307 965 1362 1029 per
1377 946 1441 1009 deit
1464 947 1465 1014 l

301 1050 432 1117 cultoris
453 1067 579 1132 precem
594 1047 714 1113 factum
729 1047 898 1127 incolume,
921 1049 1075 1131 numquid
1095 1048 1313 1114 idololatriam
1336 1069 1415 1132 quau
1464 1033 1465 1110 l

298 1154 366 1237 ipse
389 1151 597 1218 constituerat
615 1150 804 1234 dissipauit?
827 1151 980 1234 numquid
1003 1151 1087 1218 diem
1110 1152 1225 1217 festum
1250 1171 1348 1236 quem
1361 1153 1416 1234 ipse
1464 1175 1465 1230 3

298 1257 432 1323 finxerat
461 1274 498 1322 ex
521 1254 616 1321 corde
645 1272 702 1319 suo
729 1254 860 1320 tandem
888 1255 973 1321 tollit
1005 1255 1171 1321 emedio?
1199 1256 1348 1329 minime3
1371 1255 1417 1318 sei
1464 1241 1465 1332 l

297 1361 328 1425 in
354 1379 391 1426 ea
412 1358 587 1443 pertinacia
608 1357 874 1440 praesumptionis
898 1377 974 1424 suae
996 1359 1156 1424 inuenitur
1177 1359 1294 1424 mortis
1318 1376 1419 1422 susce·

298 1467 380 1549 pisse
404 1463 497 1528 diem.
541 1480 602 1526 non
627 1479 701 1544 crgo
715 1461 824 1526 mirari
838 1461 1021 1544 poterimus,
1046 1462 1082 1540 si,
1106 1462 1191 1545 quod
1207 1462 1290 1527 deus
1307 1461 1439 1525 auertate
1464 1477 1465 1508 l

300 1571 382 1647 ate,
404 1568 436 1631 in
458 1565 583 1637 haeresi
604 1563 661 1628 tua
683 1565 844 1632 censueris
859 1565 970 1630 mortis
987 1564 1071 1630 diem
1087 1566 1258 1648 suscipere,
1285 1564 1413 1647 quando·

300 1672 428 1758 quidem
451 1669 547 1734 etiam
569 1667 666 1751 signis
697 1685 733 1732 ao
755 1667 908 1752 prodigiis
940 1687 1001 1733 non
1022 1668 1184 1752 potuerint
1204 1670 1328 1752 priores
1350 1687 1412 1731 oon·

300 1773 445 1855 sacrilegi
467 1772 515 1836 tui
536 1772 680 1836 reuocari
704 1771 745 1835 ad
767 1771 871 1837 solum
895 1771 989 1838 deum
1013 1772 1192 1838 colendum.
1240 1772 1321 1836 dicit
1343 1769 1409 1835 enin

300 1880 340 1945 16
361 1877 554 1944 Hieroboam
576 1874 687 1940 sancta
708 1875 880 1958 scriptura:
905 1879 1025 1960 etpost
1046 1875 1103 1941 boc
1124 1896 1190 1941 ooo
1212 1880 1261 1942 est
1281 1893 1411 1940 reuersus

299 1980 472 2048 Hieroboas
499 1999 522 2042 o
542 1978 673 2046 molitio
693 1997 764 2060 eoo,
793 1978 846 2044 scd
872 1965 1020 2044 remorsas
1048 1983 1093 2044 cst
1120 1983 1149 2043 ot
1176 1979 1249 2061 tecit
1279 1998 1318 2043 eoo
1333 1979 1433 2059 portos

294 2083 411 2169 populi
446 2082 619 2148 sacerdotes
649 2081 851 2148 excelsorum.
896 2082 952 2166 poi
984 2083 1068 2148 mim
1100 2083 1224 2148 colebat
1258 2077 1411 2147 6611666161

299 2207 432 2254 mamam
453 2205 554 2266 soom,
577 2189 607 2250 et
626 2184 722 2268 fiebat
741 2185 889 2250 sacerdos
910 2185 948 2249 to
963 2185 1101 2252 excelsis.
1125 2191 1154 2251 et
1167 2187 1290 2268 foetum
1314 2188 1355 2250 est
1367 2182 1413 2245 too

299 2293 429 2360 oeroom
455 2290 493 2355 in
514 2293 682 2372 peccatam
708 2287 747 2353 io
776 2289 903 2353 monum
925 2287 1120 2355 Heeroboom
1151 2294 1180 2355 ot
1200 2291 1237 2355 tm
1261 2289 1410 2354 interitum

301 2401 330 2462 ot
349 2396 388 2459 to
409 2391 633 2458 exterminium
654 2411 676 2455 o
696 2391 783 2473 focio
804 2395 916 2455 terroe.

343 2500 397 2562 Vl.
422 2495 572 2577 Quaene
597 2493 741 2558 dicantur
772 2492 867 2559 etiam
898 2492 937 2559 (16
964 2493 1007 2572 te,
1038 2513 1155 2576 quaeso
1182 2494 1287 2560 temet
1314 2491 1433 2575 eripiese

301 2597 475 2666 anelando
498 2597 701 2663 Atrianorum
723 2597 826 2675 coetu,
856 2616 973 2680 quaeso
1001 2598 1045 2662 sis
1069 2597 1267 2667 Christianus
1296 2594 1407 2662 utente

301 2724 371 2769 eras
405 2721 442 2767 er
471 2701 613 2779 Arriam,
646 2718 704 2765 nec
734 2700 823 2765 nobis
851 2700 1024 2782 indigneris
1054 2701 1138 2782 quod
1167 2702 1259 2766 actus
1293 2702 1360 2764 tuos
1386 2697 1408 2760 et

299 2806 476 2871 Hieroboae
500 2821 686 2886 aequemus;
710 2804 768 2868 sed
781 2803 885 2886 magis
901 2804 1032 2869 obsecro
1048 2804 1225 2887 conspicias
1240 2806 1300 2871 has
1318 2818 1406 2868 omues

300 2908 522 2975 instructiones
545 2906 649 2989 potius
665 2924 759 2988 quam
775 2906 1006 2989 increpationes
1022 2907 1247 2990 nuncupandas
1266 2902 1406 2989 sospitatis

299 3015 373 3079 tuae
395 3032 446 3077 me
468 3011 550 3076 bono
572 3009 723 3093 ingerere.
747 3010 928 3092 conparatis
952 3010 1067 3075 etenim
1091 3030 1110 3075 a
1131 3011 1220 3075 nobis
1235 3010 1429 3077 Hieroboam

298 3115 413 3181 nostris
434 3112 628 3195 temporibus
652 3111 726 3193 quia
748 3112 793 3177 sic
817 3111 947 3177 cunctos
971 3132 990 3177 a
1014 3112 1072 3178 deo
1086 3113 1184 3179 fueris
1200 3116 1331 3179 conatus
1346 3128 1403 3175 uer-

298 3220 375 3297 tere,
399 3217 481 3282 sicut
501 3216 556 3280 ille
578 3214 729 3298 populum
750 3215 846 3281 buerit
861 3216 993 3282 conatus
1008 3218 1110 3282 Israel
1125 3218 1229 3283 lacere
1247 3216 1403 3301 apostatam

301 3340 337 3385 er
361 3320 412 3385 dei
433 3318 562 3383 cultore.
607 3318 679 3383 nolo
709 3318 811 3384 adhue
834 3319 907 3382 hinc
932 3318 991 3384 tibi
1015 3320 1134 3402 aliquid
1158 3322 1224 3405 spei
1245 3316 1401 3403 promittes.

301 3423 385 3506 quod
409 3424 490 3487 enim
510 3421 593 3486 male
616 3421 660 3487 sis
682 3421 802 3488 faciens
826 3422 987 3487 ettamen
1009 3442 1133 3507 regnes,
1163 3443 1235 3488 cum
1258 3422 1361 3489 uideas
1380 3418 1402 3481 et

299 3524 490 3591 Hieroboam
506 3524 724 3607 diuregnasse
739 3525 904 3591 inscelere
921 3544 986 3606 suo,
1011 3527 1068 3591 sed
1085 3528 1116 3591 et
1130 3526 1231 3592 filiurn
1249 3519 1400 3593 Salomonis
1410 3532 1427 3572 u

297 3628 432 3693 totidem
456 3629 488 3693 et
508 3628 721 3693 idololatriam
736 3630 899 3712 gerentem
914 3630 945 3695 in
963 3630 1074 3695 eodem
1091 3629 1276 3696 defunctum
1292 3626 1400 3695 scelere,

402 3866 744 3936 mmmmmm

349 4092 365 4144 3
384 4095 411 4145 et
427 4094 457 4157 V,
475 4093 541 4146 haec
553 4110 577 4153 e,
597 4107 629 4145 ea
640 4092 707 4159 fort.
778 4091 795 4143 4
803 4096 870 4161 poet
883 4090 925 4145 dei
938 4092 1063 4161 spatium
1075 4092 1134 4158 sere
1145 4096 1180 4146 15
1194 4093 1345 4149 litter-arom

299 4177 498 4233 5metumm.1
570 4180 718 4248 iquemo,
738 4178 807 4248 quod
823 4180 849 4234 V
908 4176 1111 4246 illaequaemus
1181 4178 1344 4234 secutorem

299 4263 330 4316 31
351 4262 500 4317 idolatriam
