3050 5000
361 381 402 435 De
420 397 475 435 non
492 382 623 450 parcendo
642 384 671 437 in
688 384 766 439 deum
785 384 1006 455 delinquentibus.
1177 392 1239 459 281

107 572 178 654 filii
198 571 393 655 iniquitatis,
415 590 519 635 semer
540 572 723 637 adelmum
743 578 772 637 et
795 576 977 643 meretricis.
1000 578 1037 641 ire
1059 598 1119 659 pro
1140 579 1239 645 debc-

109 676 176 739 caer
197 675 271 752 estis
292 678 321 738 et
342 674 381 738 irc
401 694 492 755 orem
507 674 679 755 operuistis
701 694 735 739 os
757 680 900 741 oestrum
921 682 951 741 el
972 680 1127 746 odoersos
1148 704 1239 764 qoem

108 778 285 843 inmisistis
307 777 453 859 lippeam
468 778 636 842 cestram?
657 798 766 843 roone
783 798 838 843 roos
860 782 934 845 estis
955 781 1020 863 pilii
1035 785 1239 868 perditionis,

107 900 215 945 semeio
234 880 409 962 iniquom?
443 879 474 943 et
498 878 558 943 alio
581 878 668 943 locor
702 880 807 947 ridete
833 884 912 963 poio
941 885 1050 949 omme
1071 894 1240 953 eococcoto

39 1022 43 1030 ·
69 1000 92 1039 s
107 987 202 1061 suat,
224 1003 301 1065 ‚eor
329 985 539 1064 copaorerort
567 1002 693 1065 sapere,
727 1003 834 1049 omres
862 1004 958 1050 corces
984 989 1066 1052 moti
1092 991 1148 1071 pri
1173 1012 1240 1057 roe

103 1092 258 1169 poterent
286 1087 422 1169 latrare,
452 1088 648 1152 §merientes
669 1088 707 1151 irc
728 1088 845 1168 cubile,
880 1094 1027 1157 ermetis
1054 1092 1239 1161 dormiam.

105 1196 139 1255 et
160 1210 255 1257 copes
276 1192 413 1273 improbi
430 1193 560 1258 oniroce
574 1193 745 1257 omenes
759 1194 945 1272 sotietatem,
969 1199 997 1259 et
1011 1200 1088 1259 soret
1101 1218 1236 1279 nequem

105 1296 282 1360 nescientes
308 1295 518 1379 intellectam,
548 1314 654 1360 omres
682 1296 755 1359 rios
782 1315 858 1359 socos
879 1299 977 1361 secoli
1003 1304 1088 1363 soret.
1128 1301 1181 1382 qui
1204 1302 1237 1365 hi

103 1398 184 1461 sunt
207 1397 247 1461 ad
271 1416 349 1480 quos
370 1399 448 1461 haec
471 1397 524 1461 uel
542 1398 668 1479 propter
684 1416 762 1479 quos
780 1397 944 1463 dicentur?
967 1419 1079 1483 nempe
1093 1402 1141 1466 illi
1157 1423 1236 1485 quos

54 1511 91 1582 40
106 1501 143 1563 in
165 1501 317 1566 riioesimo
337 1502 438 1583 primo
460 1501 582 1583 psalmo
604 1501 729 1565 incuset
750 1502 862 1565 unicus
886 1501 937 1567 dei
960 1502 1044 1569 filius
1064 1524 1116 1569 ore
1132 1506 1238 1571 Dauid

108 1603 235 1669 dicens:
264 1605 538 1670 circumdederunt
557 1625 606 1669 me
626 1606 727 1669 uituli
748 1605 852 1683 mebi,
882 1607 972 1670 torri
987 1607 1125 1691 pirpoes
1152 1611 1237 1674 obse-

107 1710 228 1773 derrrrct
248 1729 304 1773 me.
343 1712 539 1790 operueram
559 1709 598 1773 irc
619 1729 667 1773 me
689 1728 723 1773 os
744 1728 854 1791 soom,
885 1711 969 1775 sicot
989 1710 1034 1775 leo
1055 1713 1187 1792 ropierrs
1208 1717 1237 1777 et

106 1814 249 1894 repsere,
287 1811 320 1876 et
340 1810 436 1877 intra:
459 1812 733 1877 circumdederunt
747 1832 802 1890 rec
824 1832 918 1877 cenes
940 1813 1045 1896 molti,
1069 1816 1238 1881 concilium
1346 1902 1347 1906 Ἰ

106 1916 364 1999 moliprcorcticrn
391 1916 511 1981 obsedit
539 1936 602 1994 me,
636 1914 789 1995 foderent
819 1935 937 1980 merens
965 1936 1050 1981 occos
1078 1922 1109 1982 et
1129 1920 1236 1999 pedes.

59 2028 92 2067 1⁵
107 2018 236 2099 quando
263 2019 372 2100 itaque
393 2019 466 2083 illos
487 2018 520 2081 in
543 2016 711 2099 sacrilegio
731 2018 902 2099 magistros
930 2018 1003 2083 tuos
1026 2019 1134 2084 dictos
1149 2021 1237 2085 111111-
1306 2056 1308 2061 ·

106 2120 169 2200 los,
191 2124 300 2186 tauros
321 2122 455 2203 pingues
479 2122 573 2202 atque
596 2139 691 2185 canes
715 2120 873 2199 aduertes,
896 2139 956 2185 non
971 2122 1089 2203 poteris
1105 2124 1140 2187 tu
1156 2143 1236 2189 unus

109 2244 151 2288 ex
176 2225 416 2319 malignantium
443 2224 577 2288 concilio
606 2224 868 2287 contumeliosum
896 2224 1131 2305 memdicare,
1163 2228 1237 2308 quia

106 2328 175 2393 illis
196 2330 228 2392 te
251 2347 427 2410 nuncupem
449 2328 627 2406 nominibus
650 2328 764 2409 quibus
787 2328 1040 2409 compestilentes
1061 2330 1109 2391 tui
1132 2330 1238 2393 uocati

108 2434 184 2498 sunt
207 2450 243 2496 ao
266 2432 434 2508 uocantum
469 2450 571 2516 neque
595 2431 677 2494 enim
699 2431 735 2493 tu
756 2430 859 2495 minor
883 2450 916 2495 es
943 2431 976 2494 in
998 2432 1152 2515 nequitia,
1184 2434 1238 2516 qui

60 2553 93 2594 20
110 2537 230 2601 audeas
254 2536 375 2601 dicere:
403 2542 472 2600 eret
494 2536 620 2618 proedo
643 2555 708 2600 rrorr
729 2539 801 2600 erat
821 2541 849 2599 et
870 2535 976 2616 foetes
998 2541 1043 2600 est
1062 2557 1100 2600 ere
1121 2537 1235 2620 ribito,

108 2639 148 2703 nt
169 2637 228 2704 nen
250 2640 315 2704 illis
338 2641 420 2721 aptis
441 2640 500 2703 tibi
523 2638 701 2703 nominibus
723 2639 920 2720 nuncuperis.
955 2638 1013 2703 sed
1034 2639 1083 2703 uis
1105 2641 1154 2704 his
1176 2659 1237 2704 non

107 2743 282 2825 nuncupari
304 2743 491 2820 nominibus,
513 2743 603 2806 muta
624 2741 693 2805 uias
707 2741 791 2820 tuas,
816 2742 937 2824 corrige
954 2761 1073 2807 errores
1095 2743 1177 2822 tuos,
1201 2745 1237 2808 ut

108 2848 312 2911 correxerunt
333 2847 452 2912 Paulus
479 2845 681 2910 beatissimus
711 2846 744 2908 et
772 2845 870 2908 ceteri
899 2864 935 2908 ex
957 2844 1012 2916 illc
1035 2845 1154 2927 perfido
1176 2865 1236 2928 po-

107 2949 194 3032 pulo.
238 2949 312 3032 quia
341 2949 445 3013 dicam
472 2949 547 3013 tibi:
584 2951 726 3029 eripete
755 2970 777 3013 o
810 2949 1062 3032 molipeereticrr
1095 2950 1237 3035 concilio,

52 3053 221 3117 ι2511111101
243 3071 313 3117 esse
334 3053 394 3118 tibi
416 3051 671 3116 contumeliosus.
706 3071 768 3133 qua
792 3051 831 3115 de
851 3057 908 3116 re?
932 3070 1042 3134 nempe
1065 3052 1139 3134 quia
1159 3071 1235 3134 pro-

108 3156 202 3220 fitear
223 3157 275 3219 me
299 3156 527 3234 Christianum,
559 3155 633 3237 quia
661 3155 815 3219 noluerim
847 3154 1063 3236 derelinquere
1087 3153 1181 3218 deum
1205 3157 1237 3220 et

111 3261 198 3324 abire
220 3259 293 3342 post
313 3258 527 3323 idololatriam
548 3260 647 3322 tuam.
684 3278 745 3323 non
768 3277 825 3322 nos
852 3259 988 3340 primum
1015 3257 1235 3324 contumeliosi

109 3381 148 3426 ao
173 3363 298 3444 superbi
322 3381 340 3425 e
367 3362 457 3426 uobis
485 3361 563 3426 dieti
592 3380 700 3425 sumus
729 3361 908 3444 sacrilegis;
944 3361 1021 3425 dicti
1050 3362 1123 3426 sunt
1153 3362 1233 3426 enim

109 3467 208 3530 etiam
235 3465 283 3529 ilh‘
313 3465 419 3529 cuncti
448 3467 501 3548 qui
528 3466 713 3530 restiterunt
733 3467 868 3530 funestis
892 3465 1004 3530 edictis
1027 3466 1235 3550 contyranno-

62 3578 95 3618 ³⁰
107 3588 180 3633 rum
200 3570 335 3634 tuorum.

152 3674 281 3739 XXXV.
311 3674 352 3739 Ut
375 3673 407 3738 et
429 3673 552 3738 ceteros
573 3673 769 3755 praeteream
791 3673 823 3736 in
846 3672 990 3737 clausula
1012 3673 1170 3752 orationis,
1195 3673 1236 3736 ad

109 3776 213 3840 solum
234 3777 349 3840 iterum
371 3795 422 3840 me
445 3777 568 3840 uertam
589 3775 779 3840 Antiochum
794 3794 911 3859 regem.
935 3776 1136 3848 iudicabatne
1151 3776 1234 3840 resi-

211 3981 351 4044 osset,
372 3979 463 4032 10.11
535 3979 802 4044 11Ps.21‚13.14
873 3979 1072 4070 13112117
1158 4023 1161 4032 .

160 4189 361 4256 bpotuerunto
431 4187 553 4240 ianime
565 4189 636 4242 corii.
652 4187 723 4242 Gall.
795 4186 827 4239 13
840 4186 958 4239 cecilium
1029 4186 1062 4242 14
1073 4202 1164 4240 manos

106 4311 142 4363 20
155 4283 214 4364 ‹liowe⁰
281 4310 314 4363 21
327 4284 480 4396 nbncuperis
549 4312 584 4364 25
597 4311 657 4380 quia
670 4328 690 4365 s.
705 4312 722 4364 i.
792 4311 824 4364 31
838 4313 865 4364 et
877 4311 907 4363 ut
919 4310 989 4364 core.
1005 4308 1189 4394 Gallondiscr'
