3050 5000
1256 388 1280 434 V

151 560 187 624 ot
209 556 283 624 'lilii
311 555 455 624 codicem
486 555 679 622 intellexisse
708 556 848 638 apparet,
878 555 963 638 quod
989 575 1081 622 nemo
1102 556 1277 636 mirabitur,

150 662 207 745 qui
230 660 356 727 (toletus
378 659 467 724 illum
490 658 627 726 recentis
649 658 836 726 correctoris
853 665 950 724 mauu
965 659 1053 724 uarie
1069 658 1278 724 deformatum

151 783 216 831 non
244 761 547 847 ipsumiuspexisse
570 760 628 826 sed
650 760 822 844 specimina
843 761 968 827 tantum
990 761 1173 845 scripturae,
1196 782 1277 845 quae

149 868 259 932 utrum
280 865 433 948 genuinas
454 863 608 930 lectiones
633 883 672 928 an
694 882 777 947 quae
800 863 911 929 abhis
927 864 1163 947 saepiuslonge
1183 883 1276 930 rece-

149 970 233 1042 dunt
247 969 443 1035 correcturas
459 965 729 1050 suppeditaueriut
743 967 898 1032 incertum
915 966 973 1044 est,
988 966 1100 1032 nactos
1115 985 1184 1032 esse
1201 985 1277 1031 con-

148 1073 351 1140 siderauerit
389 1069 488 1137 codex
524 1088 599 1137 uero
633 1069 785 1148 Venetus,
822 1069 912 1134 cuius
947 1068 1139 1136 mentionem
1176 1068 1279 1134 Coleti

151 1177 283 1254 faciunt
318 1193 412 1242 uuam
443 1171 568 1238 tantum
602 1171 780 1254 epistulam
815 1189 896 1254 quae
928 1170 960 1236 in
993 1171 1073 1235 hanc
1109 1168 1278 1236 editionem

151 1301 191 1364 p.
204 1281 271 1346 324
291 1278 419 1360 recepta
450 1274 508 1353 est,
539 1274 719 1342 continebat
748 1291 850 1356 neque
878 1273 946 1338 ulla
974 1272 1092 1346 uirtute
1115 1291 1277 1338 commen-

149 1384 298 1450 dabatur
330 1399 411 1464 quae
434 1377 572 1444 sumita
595 1377 752 1455 essent‚e
735 1375 907 1441 etNoltius
929 1374 979 1440 uir
1001 1374 1203 1441 doctissimus
1226 1376 1279 1458 qui

151 1483 331 1552 Luciferi
322 1503 353 1550 m
387 1484 446 1547 hoc
480 1497 608 1562 corpore
644 1478 777 1545 edendi
791 1497 899 1544 curam
932 1477 1050 1544 multos
1079 1478 1151 1544 ante
1182 1497 1278 1544 annos

148 1587 382 1672 susceperatc
366 1584 502 1666 etipse,
538 1582 590 1664 qui
619 1582 743 1647 mortuo
776 1581 874 1648 illc'
864 1602 896 1646 ιιι
919 1583 977 1647 hcc
1001 1580 1105 1646 officio
1128 1581 1277 1659 successi,

152 1694 196 1758 ad
211 1710 294 1758 noua
305 1687 448 1756 subsidia
458 1682 659 1766 suggerenda
670 1701 793 1748 summa
803 1702 877 1748 cum
893 1682 1062 1765 diligentia
1071 1682 1277 1749 bibliothecas

151 1792 342 1880 perscrutati
375 1807 493 1865 sumus,
527 1785 585 1852 sed
615 1785 740 1850 rusus.
779 1788 818 1849 ne
849 1803 922 1868 spes
952 1773 1090 1868 quidem,
1115 1805 1208 1868 quam
1231 1789 1277 1852 Io.

151 1900 224 1964 Alb.
247 1894 410 1962 Fabricius
435 1890 594 1966 attulerat,
625 1907 698 1954 cum
726 1889 758 1954 in
780 1888 973 1955 bibliotheca
993 1889 1153 1956 Iohannea
1174 1892 1277 1956 Ham-

149 2000 301 2084 burgensi
324 2017 358 2064 se
383 1994 539 2060 Tiliaucm
562 1991 730 2064 editionem
754 2009 827 2056 cum
848 1992 949 2058 bonae
972 1992 1064 2058 notae
1087 1992 1196 2058 codice
1218 2013 1277 2060 ms.

147 2103 303 2169 collatam
336 2097 540 2166 euoluisset
525 2094 696 2160 testaretur
731 2095 776 2178 (in
803 2095 878 2162 bibl
907 2094 989 2160 med.
1021 2096 1054 2159 et
1078 2095 1132 2161 inf
1153 2096 1210 2163 lat
1233 2098 1279 2163 Ν

151 2227 181 2291 p
206 2208 296 2289 839)
321 2201 445 2285 expleta
468 2199 525 2264 est
562 2196 826 2282 Eyssenhardtius
848 2197 931 2262 enim
953 2197 1002 2262 uir
1023 2198 1278 2278 humanissimus

147 2311 207 2396 qui
241 2310 270 2374 ei
299 2306 508 2374 bibliothecae
537 2302 673 2384 praeest,
699 2301 854 2366 Tiliauam
885 2300 1012 2383 quidem
1042 2301 1211 2368 editionem
1232 2302 1277 2369 ibi

148 2414 278 2480 erebro
309 2408 366 2476 sed
391 2406 514 2490 praeter
535 2404 710 2469 locutiones
732 2402 978 2470 Luciferianas
968 2424 1001 2468 ιιι
1022 2404 1179 2486 postremo
1201 2405 1276 2472 folio

143 2515 308 2592 adiectas,
338 2530 416 2595 quas
441 2508 621 2575 Fabricium
644 2507 788 2590 decipere
809 2507 961 2589 potuisse
973 2508 1155 2590 suspiceris·
1175 2528 1277 2592 neque

150 2618 241 2685 aliud
271 2616 440 2701 quicquam
469 2630 570 2695 neque
593 2610 659 2677 ulla
680 2610 799 2677 codicia
821 2611 895 2677 noui
908 2610 1097 2677 testimonia
1117 2612 1277 2678 continere

148 2721 277 2805 roganti
298 2716 470 2799 rescripsit.

196 2834 276 2909 (lum
297 2838 395 2923 igitur
418 2855 470 2918 qur
462 2833 622 2899 Luciferi
644 2852 740 2917 opera
755 2833 964 2899 emendabant
986 2776 1025 2898 ab
1042 2833 1134 2899 unius
1157 2834 1277 2901 codicis

151 2944 344 3012 auowritate
359 2939 573 3026 pendentes
547 2956 619 3003 eum
633 2955 744 3019 reapse
765 2936 970 3001 multifariam
990 2938 1169 3019 corruptum
1183 2938 1277 3003 uide-

148 3038 222 3116 rent
244 3040 499 3129 singularemque
518 3040 585 3106 eius
600 3041 700 3105 uirtut
702 3059 760 3120 em,
785 3060 839 3124 qur
830 3040 989 3105 'Luciferi
1004 3057 1179 3105 sermonem
1193 3041 1276 3106 inso-

149 3153 217 3233 litis
232 3152 400 3216 uerborum
414 3145 522 3211 formis
538 3146 754 3227 sensibusque,
774 3144 937 3210 arbitrario
959 3162 1090 3208 casuum
1111 3143 1277 3209 modorum

148 3257 327 3337 temporum
348 3272 418 3330 usu,
440 3250 648 3316 immoderato
670 3248 813 3334 asyndeti
836 3237 941 3312 amore
962 3246 1117 3328 insignem
1138 3245 1277 3311 fideliter

150 3356 373 3434 conseruerat·
396 3353 524 3419 maioris
559 3351 655 3417 etiam
684 3348 917 3433 deprecationis
944 3347 1096 3414 indicium
1124 3348 1277 3416 haberent

148 3478 280 3525 necesse
306 3458 400 3535 osset,
430 3456 498 3520 fieri
520 3472 580 3520 non
603 3454 713 3537 potuit,
745 3454 820 3537 quin
843 3472 881 3518 ea
903 3470 984 3535 quac
1000 3451 1099 3523 ‘facile
1123 3450 1164 3515 ad
1186 3469 1275 3517 com-

148 3570 262 3629 munes
290 3563 419 3645 linguae
448 3559 538 3642 leges
567 3558 710 3624 reuocari
739 3558 869 3640 possent
889 3556 957 3620 sine
978 3554 1046 3622 ulla
1067 3553 1275 3620 haesitatione
1372 3565 1377 3573 '

148 3668 274 3734 mutare
306 3665 466 3731 certarent
496 3664 604 3745 itaque
636 3662 807 3727 innumeris
823 3701 825 3704 -
839 3659 918 3725 locis
955 3657 1115 3741 scriptoris
1147 3675 1277 3724 manum

146 3770 377 3837 oblitterarent
417 3786 513 3850 quare
535 3765 672 3849 plurima
694 3783 775 3847 quae
796 3764 845 3828 illi
865 3760 1060 3831 nouaueraut
1081 3760 1276 3827 confidenter

148 3872 256 3950 reieci,
286 3889 389 3954 pauca
418 3870 486 3936 aius
515 3866 641 3952 generis
664 3885 744 3950 quae
769 3865 948 3931 dubitanter
968 3863 1086 3929 retinui
1105 3882 1217 3929 uereor
1239 3865 1277 3929 ut

146 3973 271 4060 possint
293 3971 427 4052 defendi,
450 3972 540 4039 uelut
563 3973 592 4051 7,
617 3973 658 4039 lo
679 3972 736 4054 oct
749 4007 792 4019 -
809 3969 928 4051 faerit
947 3969 1073 4049 missas,
1099 3968 1149 4046 15,
1173 3967 1214 4031 21
1238 3972 1277 4032 ot

146 4084 203 4159 (ε
220 4074 390 4161 quomodo)
414 4078 498 4141 slot
521 4076 638 4141 Valens
659 4074 823 4152 Umbrica,
845 4073 896 4151 78,
920 4070 961 4137 16
981 4070 1058 4135 bace
1078 4074 1156 4137 auat
1172 4089 1274 4153 prcc-

146 4183 216 4247 mic
238 4200 318 4263 poce
339 4184 397 4244 tua
418 4180 542 4263 egregia
565 4172 773 4259 conquirunt
795 4174 939 4259 coasilio,
973 4172 1048 4239 eaeo
1068 4173 1133 4240 illc
1153 4174 1275 4256 optimc

144 4304 229 4385 poce
256 4284 566 4365 mortcmpcrfcot
595 4281 831 4363 semptcrcam,
864 4276 939 4345 laceo
964 4296 1046 4361 poce
1066 4276 1276 4361 demergant
