<?xml version="1.0" encoding="UTF-8"?>
<!DOCTYPE html PUBLIC "-//W3C//DTD XHTML 1.0 Transitional//EN"
    "http://www.w3.org/TR/xhtml1/DTD/xhtml1-transitional.dtd">
<html xmlns="http://www.w3.org/1999/xhtml" xml:lang="en" lang="en">
 <head>
  <title>
</title>
<meta http-equiv="Content-Type" content="text/html;charset=utf-8" />
  <meta name='ocr-system' content='tesseract 3.04.00' />
  <meta name='ocr-capabilities' content='ocr_page ocr_carea ocr_par ocr_line ocrx_word'/>
</head>
<body>
  <div class='ocr_page' id='page_1' title='image "./corpusscriptoru03wissgoog_0071.png"; bbox 0 0 3050 5000; ppageno 0'>
   <div class='ocr_carea' id='block_1_1' title="bbox 296 401 934 468">
    <p class='ocr_par' dir='ltr' id='par_1_1' title="bbox 296 401 934 468">
     <span class='ocr_line' id='line_1_1' title="bbox 296 401 934 468; baseline 0.008 -17"><span class='ocrx_word' id='word_1_1' title='bbox 296 403 339 468; x_wconf 78' lang='lat'><strong>22</strong></span> <span class='ocrx_word' id='word_1_2' title='bbox 786 401 934 456; x_wconf 76' lang='lat' dir='ltr'><strong>Luciferi</strong></span> 
     </span>
    </p>
   </div>
   <div class='ocr_carea' id='block_1_2' title="bbox 197 592 1472 3158">
    <p class='ocr_par' dir='ltr' id='par_1_2' title="bbox 197 592 1472 3158">
     <span class='ocr_line' id='line_1_2' title="bbox 297 592 1436 675; baseline -0.004 -17"><span class='ocrx_word' id='word_1_3' title='bbox 297 593 378 658; x_wconf 92' lang='lat' dir='ltr'><strong>itum</strong></span> <span class='ocrx_word' id='word_1_4' title='bbox 400 593 503 659; x_wconf 76' lang='lat' dir='ltr'><strong>fecisti</strong></span> <span class='ocrx_word' id='word_1_5' title='bbox 526 593 567 658; x_wconf 87' lang='lat' dir='ltr'><strong>ad</strong></span> <span class='ocrx_word' id='word_1_6' title='bbox 591 593 707 658; x_wconf 87' lang='lat' dir='ltr'><strong>diaboli</strong></span> <span class='ocrx_word' id='word_1_7' title='bbox 731 593 880 658; x_wconf 78' lang='lat' dir='ltr'><strong>domum?</strong></span> <span class='ocrx_word' id='word_1_8' title='bbox 915 612 976 659; x_wconf 91' lang='lat' dir='ltr'><strong>non</strong></span> <span class='ocrx_word' id='word_1_9' title='bbox 992 593 1169 675; x_wconf 89' lang='lat' dir='ltr'><strong>delegimus</strong></span> <span class='ocrx_word' id='word_1_10' title='bbox 1184 593 1309 671; x_wconf 84' lang='lat' dir='ltr'><strong>ardere,</strong></span> <span class='ocrx_word' id='word_1_11' title='bbox 1334 592 1436 656; x_wconf 88' lang='lat' dir='ltr'><strong>sicuti</strong></span> 
     </span>
     <span class='ocr_line' id='line_1_3' title="bbox 296 695 1435 780; baseline 0 -20"><span class='ocrx_word' id='word_1_12' title='bbox 296 698 332 760; x_wconf 89' lang='lat' dir='ltr'><strong>tu</strong></span> <span class='ocrx_word' id='word_1_13' title='bbox 355 697 501 780; x_wconf 79' lang='lat' dir='ltr'><strong>delegisti</strong></span> <span class='ocrx_word' id='word_1_14' title='bbox 523 716 595 762; x_wconf 90' lang='lat' dir='ltr'><strong>cum</strong></span> <span class='ocrx_word' id='word_1_15' title='bbox 620 697 759 762; x_wconf 84' lang='lat' dir='ltr'><strong>amatore</strong></span> <span class='ocrx_word' id='word_1_16' title='bbox 787 699 841 761; x_wconf 84' lang='lat' dir='ltr'><strong>tuo</strong></span> <span class='ocrx_word' id='word_1_17' title='bbox 873 695 1008 773; x_wconf 82' lang='lat' dir='ltr'><strong>diabolo,</strong></span> <span class='ocrx_word' id='word_1_18' title='bbox 1040 697 1097 762; x_wconf 88' lang='lat' dir='ltr'><strong>sed</strong></span> <span class='ocrx_word' id='word_1_19' title='bbox 1125 699 1157 762; x_wconf 94' lang='lat' dir='ltr'><strong>in</strong></span> <span class='ocrx_word' id='word_1_20' title='bbox 1185 698 1331 780; x_wconf 88' lang='lat' dir='ltr'><strong>requiem</strong></span> <span class='ocrx_word' id='word_1_21' title='bbox 1353 716 1435 778; x_wconf 88' lang='lat' dir='ltr'><strong>per-</strong></span> 
     </span>
     <span class='ocr_line' id='line_1_4' title="bbox 297 799 1434 883; baseline -0.003 -19"><span class='ocrx_word' id='word_1_22' title='bbox 297 801 426 883; x_wconf 89' lang='lat' dir='ltr'><strong>petuam</strong></span> <span class='ocrx_word' id='word_1_23' title='bbox 437 800 554 865; x_wconf 86' lang='lat' dir='ltr'><strong>intrare</strong></span> <span class='ocrx_word' id='word_1_24' title='bbox 567 800 761 866; x_wconf 83' lang='lat' dir='ltr'><strong>festinamus.</strong></span> <span class='ocrx_word' id='word_1_25' title='bbox 775 800 931 882; x_wconf 89' lang='lat' dir='ltr'><strong>quomodo</strong></span> <span class='ocrx_word' id='word_1_26' title='bbox 942 799 1000 864; x_wconf 86' lang='lat' dir='ltr'><strong>tna</strong></span> <span class='ocrx_word' id='word_1_27' title='bbox 1012 801 1131 866; x_wconf 86' lang='lat' dir='ltr'><strong>astutia</strong></span> <span class='ocrx_word' id='word_1_28' title='bbox 1140 801 1347 882; x_wconf 76' lang='lat' dir='ltr'><strong>potueramus</strong></span> <span class='ocrx_word' id='word_1_29' title='bbox 1358 800 1434 881; x_wconf 86' lang='lat' dir='ltr'><strong>capi</strong></span> 
     </span>
     <span class='ocr_line' id='line_1_5' title="bbox 300 901 1434 985; baseline -0.001 -19"><span class='ocrx_word' id='word_1_30' title='bbox 300 904 332 966; x_wconf 87' lang='lat' dir='ltr'><strong>et</strong></span> <span class='ocrx_word' id='word_1_31' title='bbox 355 921 373 966; x_wconf 85' lang='lat' dir='ltr'><strong>a</strong></span> <span class='ocrx_word' id='word_1_32' title='bbox 395 903 449 966; x_wconf 88' lang='lat' dir='ltr'><strong>uia</strong></span> <span class='ocrx_word' id='word_1_33' title='bbox 469 902 554 967; x_wconf 90' lang='lat' dir='ltr'><strong>flecti</strong></span> <span class='ocrx_word' id='word_1_34' title='bbox 569 903 736 968; x_wconf 80' lang='lat' dir='ltr'><strong>ueritatis?</strong></span> <span class='ocrx_word' id='word_1_35' title='bbox 759 901 885 985; x_wconf 87' lang='lat' dir='ltr'><strong>quando</strong></span> <span class='ocrx_word' id='word_1_36' title='bbox 909 902 1011 967; x_wconf 88' lang='lat' dir='ltr'><strong>adhuc</strong></span> <span class='ocrx_word' id='word_1_37' title='bbox 1034 903 1176 968; x_wconf 87' lang='lat' dir='ltr'><strong>hortetur</strong></span> <span class='ocrx_word' id='word_1_38' title='bbox 1199 903 1364 985; x_wconf 88' lang='lat' dir='ltr'><strong>apostolus</strong></span> <span class='ocrx_word' id='word_1_39' title='bbox 1389 902 1434 966; x_wconf 84' lang='lat' dir='ltr'><strong>ad</strong></span> 
     </span>
     <span class='ocr_line' id='line_1_6' title="bbox 298 1005 1471 1089; baseline 0 -21"><span class='ocrx_word' id='word_1_40' title='bbox 298 1005 440 1086; x_wconf 88' lang='lat' dir='ltr'><strong>requiem</strong></span> <span class='ocrx_word' id='word_1_41' title='bbox 456 1005 782 1087; x_wconf 87' lang='lat' dir='ltr'><strong>comprehendendam</strong></span> <span class='ocrx_word' id='word_1_42' title='bbox 799 1005 960 1070; x_wconf 84' lang='lat' dir='ltr'><strong>aeternam</strong></span> <span class='ocrx_word' id='word_1_43' title='bbox 976 1005 1101 1072; x_wconf 87' lang='lat' dir='ltr'><strong>dicens:</strong></span> <span class='ocrx_word' id='word_1_44' title='bbox 1123 1006 1309 1088; x_wconf 75' lang='lat' dir='ltr'><strong>festinemus</strong></span> <span class='ocrx_word' id='word_1_45' title='bbox 1325 1008 1434 1089; x_wconf 78' lang='lat' dir='ltr'><strong>ipitm</strong></span> <span class='ocrx_word' id='word_1_46' title='bbox 1457 1020 1471 1059; x_wconf 82' lang='lat'>⁵</span> 
     </span>
     <span class='ocr_line' id='line_1_7' title="bbox 299 1107 1433 1191; baseline 0.001 -19"><span class='ocrx_word' id='word_1_47' title='bbox 299 1108 424 1172; x_wconf 88' lang='lat' dir='ltr'><strong>intrare</strong></span> <span class='ocrx_word' id='word_1_48' title='bbox 449 1108 483 1172; x_wconf 90' lang='lat' dir='ltr'><strong>in</strong></span> <span class='ocrx_word' id='word_1_49' title='bbox 510 1108 603 1173; x_wconf 88' lang='lat' dir='ltr'><strong>ittam</strong></span> <span class='ocrx_word' id='word_1_50' title='bbox 630 1109 778 1190; x_wconf 78' lang='lat' dir='ltr'><strong>requiem,</strong></span> <span class='ocrx_word' id='word_1_51' title='bbox 807 1128 847 1174; x_wconf 92' lang='lat' dir='ltr'><strong>ne</strong></span> <span class='ocrx_word' id='word_1_52' title='bbox 874 1107 979 1190; x_wconf 78' lang='lat' dir='ltr'><strong>aliqui</strong></span> <span class='ocrx_word' id='word_1_53' title='bbox 1008 1110 1045 1174; x_wconf 92' lang='lat' dir='ltr'><strong>in</strong></span> <span class='ocrx_word' id='word_1_54' title='bbox 1066 1109 1170 1174; x_wconf 74' lang='lat' dir='ltr'><strong>ouen</strong></span> <span class='ocrx_word' id='word_1_55' title='bbox 1190 1109 1334 1191; x_wconf 76' lang='lat' dir='ltr'><strong>exemplo</strong></span> <span class='ocrx_word' id='word_1_56' title='bbox 1357 1130 1433 1174; x_wconf 87' lang='lat' dir='ltr'><strong>eon·</strong></span> 
     </span>
     <span class='ocr_line' id='line_1_8' title="bbox 299 1211 1432 1278; baseline 0.005 -6"><span class='ocrx_word' id='word_1_57' title='bbox 299 1211 457 1276; x_wconf 78' lang='lat' dir='ltr'><strong>tumacme</strong></span> <span class='ocrx_word' id='word_1_58' title='bbox 478 1212 582 1278; x_wconf 81' lang='lat' dir='ltr'><strong>eadat.</strong></span> <span class='ocrx_word' id='word_1_59' title='bbox 615 1211 764 1276; x_wconf 59' lang='lat' dir='ltr'><strong>uiuidum</strong></span> <span class='ocrx_word' id='word_1_60' title='bbox 787 1213 872 1277; x_wconf 88' lang='lat' dir='ltr'><strong>enim</strong></span> <span class='ocrx_word' id='word_1_61' title='bbox 887 1213 1018 1278; x_wconf 69' lang='lat' dir='ltr'><strong>wbum</strong></span> <span class='ocrx_word' id='word_1_62' title='bbox 1031 1212 1084 1278; x_wconf 84' lang='lat' dir='ltr'><strong>‹iei</strong></span> <span class='ocrx_word' id='word_1_63' title='bbox 1097 1217 1128 1277; x_wconf 88' lang='lat' dir='ltr'><strong>et</strong></span> <span class='ocrx_word' id='word_1_64' title='bbox 1143 1213 1296 1278; x_wconf 79' lang='lat' dir='ltr'><strong>ualidum</strong></span> <span class='ocrx_word' id='word_1_65' title='bbox 1307 1215 1341 1276; x_wconf 90' lang='lat' dir='ltr'><strong>et</strong></span> <span class='ocrx_word' id='word_1_66' title='bbox 1354 1233 1432 1278; x_wconf 85' lang='lat' dir='ltr'><strong>acu-</strong></span> 
     </span>
     <span class='ocr_line' id='line_1_9' title="bbox 300 1315 1434 1397; baseline 0 -19"><span class='ocrx_word' id='word_1_67' title='bbox 300 1316 367 1378; x_wconf 89' lang='lat' dir='ltr'><strong>tum</strong></span> <span class='ocrx_word' id='word_1_68' title='bbox 389 1315 476 1378; x_wconf 89' lang='lat' dir='ltr'><strong>omni</strong></span> <span class='ocrx_word' id='word_1_69' title='bbox 496 1315 606 1397; x_wconf 83' lang='lat' dir='ltr'><strong>ptadio</strong></span> <span class='ocrx_word' id='word_1_70' title='bbox 628 1316 849 1380; x_wconf 85' lang='lat' dir='ltr'><strong>acutissimum</strong></span> <span class='ocrx_word' id='word_1_71' title='bbox 876 1319 905 1380; x_wconf 90' lang='lat' dir='ltr'><strong>et</strong></span> <span class='ocrx_word' id='word_1_72' title='bbox 921 1320 1098 1397; x_wconf 87' lang='lat' dir='ltr'><strong>penetrans</strong></span> <span class='ocrx_word' id='word_1_73' title='bbox 1127 1335 1224 1397; x_wconf 79' lang='lat' dir='ltr'><strong>usque</strong></span> <span class='ocrx_word' id='word_1_74' title='bbox 1245 1315 1290 1380; x_wconf 82' lang='lat' dir='ltr'><strong>ad</strong></span> <span class='ocrx_word' id='word_1_75' title='bbox 1311 1316 1434 1379; x_wconf 83' lang='lat' dir='ltr'><strong>diuisi-</strong></span> 
     </span>
     <span class='ocr_line' id='line_1_10' title="bbox 299 1417 1434 1501; baseline 0.001 -21"><span class='ocrx_word' id='word_1_76' title='bbox 299 1435 389 1480; x_wconf 88' lang='lat' dir='ltr'><strong>onem</strong></span> <span class='ocrx_word' id='word_1_77' title='bbox 410 1418 540 1482; x_wconf 89' lang='lat' dir='ltr'><strong>animae</strong></span> <span class='ocrx_word' id='word_1_78' title='bbox 561 1420 589 1482; x_wconf 89' lang='lat' dir='ltr'><strong>et</strong></span> <span class='ocrx_word' id='word_1_79' title='bbox 609 1419 745 1498; x_wconf 80' lang='lat' dir='ltr'><strong>spiritus</strong></span> <span class='ocrx_word' id='word_1_80' title='bbox 767 1422 957 1501; x_wconf 75' lang='lat' dir='ltr'><strong>artuumque</strong></span> <span class='ocrx_word' id='word_1_81' title='bbox 984 1423 1014 1482; x_wconf 90' lang='lat' dir='ltr'><strong>et</strong></span> <span class='ocrx_word' id='word_1_82' title='bbox 1041 1417 1256 1482; x_wconf 67' lang='lat' dir='ltr'><strong>medulorum</strong></span> <span class='ocrx_word' id='word_1_83' title='bbox 1283 1423 1313 1482; x_wconf 93' lang='lat' dir='ltr'><strong>et</strong></span> <span class='ocrx_word' id='word_1_84' title='bbox 1342 1439 1434 1482; x_wconf 84' lang='lat' dir='ltr'><strong>saru-</strong></span> 
     </span>
     <span class='ocr_line' id='line_1_11' title="bbox 298 1521 1470 1605; baseline 0.003 -21"><span class='ocrx_word' id='word_1_85' title='bbox 298 1523 382 1584; x_wconf 84' lang='lat' dir='ltr'><strong>tator</strong></span> <span class='ocrx_word' id='word_1_86' title='bbox 403 1521 508 1584; x_wconf 87' lang='lat' dir='ltr'><strong>animi</strong></span> <span class='ocrx_word' id='word_1_87' title='bbox 530 1526 557 1585; x_wconf 88' lang='lat' dir='ltr'><strong>et</strong></span> <span class='ocrx_word' id='word_1_88' title='bbox 579 1522 780 1605; x_wconf 85' lang='lat' dir='ltr'><strong>capitationis</strong></span> <span class='ocrx_word' id='word_1_89' title='bbox 801 1523 914 1601; x_wconf 79' lang='lat' dir='ltr'><strong>cardis,</strong></span> <span class='ocrx_word' id='word_1_90' title='bbox 937 1526 967 1587; x_wconf 91' lang='lat' dir='ltr'><strong>et</strong></span> <span class='ocrx_word' id='word_1_91' title='bbox 988 1541 1054 1588; x_wconf 82' lang='lat' dir='ltr'><strong>non</strong></span> <span class='ocrx_word' id='word_1_92' title='bbox 1068 1527 1113 1588; x_wconf 86' lang='lat' dir='ltr'><strong>est</strong></span> <span class='ocrx_word' id='word_1_93' title='bbox 1126 1522 1199 1586; x_wconf 88' lang='lat' dir='ltr'><strong>ulla</strong></span> <span class='ocrx_word' id='word_1_94' title='bbox 1212 1523 1333 1587; x_wconf 84' lang='lat' dir='ltr'><strong>creatio</strong></span> <span class='ocrx_word' id='word_1_95' title='bbox 1349 1542 1434 1604; x_wconf 80' lang='lat' dir='ltr'><strong>quae</strong></span> <span class='ocrx_word' id='word_1_96' title='bbox 1446 1533 1470 1572; x_wconf 70' lang='lat'><strong>¹⁰</strong></span> 
     </span>
     <span class='ocr_line' id='line_1_12' title="bbox 298 1625 1435 1706; baseline 0.003 -20"><span class='ocrx_word' id='word_1_97' title='bbox 298 1641 365 1686; x_wconf 88' lang='lat' dir='ltr'><strong>non</strong></span> <span class='ocrx_word' id='word_1_98' title='bbox 389 1628 505 1704; x_wconf 84' lang='lat' dir='ltr'><strong>pareat</strong></span> <span class='ocrx_word' id='word_1_99' title='bbox 526 1628 600 1690; x_wconf 89' lang='lat' dir='ltr'><strong>ante</strong></span> <span class='ocrx_word' id='word_1_100' title='bbox 620 1625 735 1704; x_wconf 79' lang='lat' dir='ltr'><strong>ittunt3</strong></span> <span class='ocrx_word' id='word_1_101' title='bbox 762 1626 874 1690; x_wconf 88' lang='lat' dir='ltr'><strong>omnia</strong></span> <span class='ocrx_word' id='word_1_102' title='bbox 896 1630 1013 1689; x_wconf 85' lang='lat' dir='ltr'><strong>autem</strong></span> <span class='ocrx_word' id='word_1_103' title='bbox 1031 1625 1121 1691; x_wconf 85' lang='lat' dir='ltr'><strong>nudo</strong></span> <span class='ocrx_word' id='word_1_104' title='bbox 1141 1630 1171 1689; x_wconf 90' lang='lat' dir='ltr'><strong>et</strong></span> <span class='ocrx_word' id='word_1_105' title='bbox 1193 1631 1308 1706; x_wconf 83' lang='lat' dir='ltr'><strong>aperto</strong></span> <span class='ocrx_word' id='word_1_106' title='bbox 1329 1626 1435 1690; x_wconf 83' lang='lat' dir='ltr'><strong>ocutis</strong></span> 
     </span>
     <span class='ocr_line' id='line_1_13' title="bbox 299 1726 1434 1812; baseline 0.004 -22"><span class='ocrx_word' id='word_1_107' title='bbox 299 1726 367 1790; x_wconf 75' lang='lat' dir='ltr'><strong>mus</strong></span> <span class='ocrx_word' id='word_1_108' title='bbox 395 1727 437 1790; x_wconf 87' lang='lat' dir='ltr'><strong>aot</strong></span> <span class='ocrx_word' id='word_1_109' title='bbox 464 1747 553 1808; x_wconf 85' lang='lat' dir='ltr'><strong>quem</strong></span> <span class='ocrx_word' id='word_1_110' title='bbox 575 1729 662 1792; x_wconf 71' lang='lat' dir='ltr'><strong>roms</strong></span> <span class='ocrx_word' id='word_1_111' title='bbox 683 1729 768 1796; x_wconf 90' lang='lat' dir='ltr'><strong>ratio</strong></span> <span class='ocrx_word' id='word_1_112' title='bbox 789 1733 842 1794; x_wconf 85' lang='lat' dir='ltr'><strong>est.</strong></span> <span class='ocrx_word' id='word_1_113' title='bbox 887 1747 961 1795; x_wconf 89' lang='lat' dir='ltr'><strong>cnm</strong></span> <span class='ocrx_word' id='word_1_114' title='bbox 988 1730 1067 1793; x_wconf 84' lang='lat' dir='ltr'><strong>haec</strong></span> <span class='ocrx_word' id='word_1_115' title='bbox 1094 1729 1141 1794; x_wconf 87' lang='lat' dir='ltr'><strong>ita</strong></span> <span class='ocrx_word' id='word_1_116' title='bbox 1168 1730 1240 1808; x_wconf 86' lang='lat' dir='ltr'><strong>sint,</strong></span> <span class='ocrx_word' id='word_1_117' title='bbox 1270 1729 1434 1812; x_wconf 85' lang='lat' dir='ltr'><strong>quomodo</strong></span> 
     </span>
     <span class='ocr_line' id='line_1_14' title="bbox 298 1831 1436 1914; baseline 0.003 -21"><span class='ocrx_word' id='word_1_118' title='bbox 298 1831 446 1912; x_wconf 88' lang='lat' dir='ltr'><strong>potuerat</strong></span> <span class='ocrx_word' id='word_1_119' title='bbox 469 1832 538 1913; x_wconf 87' lang='lat' dir='ltr'><strong>quis</strong></span> <span class='ocrx_word' id='word_1_120' title='bbox 561 1833 700 1896; x_wconf 91' lang='lat' dir='ltr'><strong>nostrum</strong></span> <span class='ocrx_word' id='word_1_121' title='bbox 728 1831 863 1896; x_wconf 77' lang='lat' dir='ltr'><strong>transim</strong></span> <span class='ocrx_word' id='word_1_122' title='bbox 892 1832 931 1896; x_wconf 88' lang='lat' dir='ltr'><strong>ad</strong></span> <span class='ocrx_word' id='word_1_123' title='bbox 962 1851 1019 1898; x_wconf 92' lang='lat' dir='ltr'><strong>nos</strong></span> <span class='ocrx_word' id='word_1_124' title='bbox 1046 1833 1079 1896; x_wconf 92' lang='lat' dir='ltr'><strong>in</strong></span> <span class='ocrx_word' id='word_1_125' title='bbox 1106 1831 1241 1914; x_wconf 87' lang='lat' dir='ltr'><strong>perfidia</strong></span> <span class='ocrx_word' id='word_1_126' title='bbox 1262 1834 1436 1898; x_wconf 86' lang='lat' dir='ltr'><strong>manentes</strong></span> 
     </span>
     <span class='ocr_line' id='line_1_15' title="bbox 300 1932 1435 2018; baseline 0.004 -22"><span class='ocrx_word' id='word_1_127' title='bbox 300 1932 514 1998; x_wconf 80' lang='lat' dir='ltr'><strong>Iudaeorum?</strong></span> <span class='ocrx_word' id='word_1_128' title='bbox 537 1953 618 2015; x_wconf 89' lang='lat' dir='ltr'><strong>quae</strong></span> <span class='ocrx_word' id='word_1_129' title='bbox 634 1953 739 2000; x_wconf 84' lang='lat' dir='ltr'><strong>rerum</strong></span> <span class='ocrx_word' id='word_1_130' title='bbox 754 1935 838 1999; x_wconf 87' lang='lat' dir='ltr'><strong>ratio</strong></span> <span class='ocrx_word' id='word_1_131' title='bbox 851 1953 909 2000; x_wconf 87' lang='lat' dir='ltr'><strong>nos</strong></span> <span class='ocrx_word' id='word_1_132' title='bbox 923 1936 1014 2000; x_wconf 88' lang='lat' dir='ltr'><strong>uobis</strong></span> <span class='ocrx_word' id='word_1_133' title='bbox 1028 1935 1129 2017; x_wconf 87' lang='lat' dir='ltr'><strong>possit</strong></span> <span class='ocrx_word' id='word_1_134' title='bbox 1142 1935 1272 2018; x_wconf 89' lang='lat' dir='ltr'><strong>iungere</strong></span> <span class='ocrx_word' id='word_1_135' title='bbox 1289 1937 1435 2002; x_wconf 84' lang='lat' dir='ltr'><strong>Christi·</strong></span> 
     </span>
     <span class='ocr_line' id='line_1_16' title="bbox 197 2025 1471 2132; baseline 0.004 -33"><span class='ocrx_word' id='word_1_136' title='bbox 197 2025 222 2132; x_wconf 53' lang='lat'><em>(</em></span> <span class='ocrx_word' id='word_1_137' title='bbox 302 2054 377 2101; x_wconf 88' lang='lat' dir='ltr'><strong>anos</strong></span> <span class='ocrx_word' id='word_1_138' title='bbox 393 2036 542 2116; x_wconf 72' lang='lat' dir='ltr'><strong>Arrianis</strong></span> <span class='ocrx_word' id='word_1_139' title='bbox 566 2057 639 2102; x_wconf 89' lang='lat' dir='ltr'><strong>cum</strong></span> <span class='ocrx_word' id='word_1_140' title='bbox 661 2037 842 2102; x_wconf 87' lang='lat' dir='ltr'><strong>uideremus</strong></span> <span class='ocrx_word' id='word_1_141' title='bbox 864 2056 922 2102; x_wconf 87' lang='lat' dir='ltr'><strong>uos</strong></span> <span class='ocrx_word' id='word_1_142' title='bbox 945 2057 1014 2102; x_wconf 89' lang='lat' dir='ltr'><strong>esse</strong></span> <span class='ocrx_word' id='word_1_143' title='bbox 1029 2037 1115 2103; x_wconf 88' lang='lat' dir='ltr'><strong>iliius</strong></span> <span class='ocrx_word' id='word_1_144' title='bbox 1130 2040 1234 2121; x_wconf 88' lang='lat' dir='ltr'><strong>gentis</strong></span> <span class='ocrx_word' id='word_1_145' title='bbox 1248 2040 1471 2105; x_wconf 68' lang='lat' dir='ltr'><strong>imitatoresu</strong></span> 
     </span>
     <span class='ocr_line' id='line_1_17' title="bbox 301 2140 1436 2226; baseline 0.004 -23"><span class='ocrx_word' id='word_1_146' title='bbox 301 2140 402 2204; x_wconf 91' lang='lat' dir='ltr'><strong>omnis</strong></span> <span class='ocrx_word' id='word_1_147' title='bbox 412 2140 586 2221; x_wconf 80' lang='lat' dir='ltr'><strong>perfidiae?</strong></span> <span class='ocrx_word' id='word_1_148' title='bbox 602 2141 640 2206; x_wconf 89' lang='lat' dir='ltr'><strong>de</strong></span> <span class='ocrx_word' id='word_1_149' title='bbox 652 2160 715 2223; x_wconf 85' lang='lat' dir='ltr'><strong>qua</strong></span> <span class='ocrx_word' id='word_1_150' title='bbox 728 2141 884 2223; x_wconf 87' lang='lat' dir='ltr'><strong>quomodo</strong></span> <span class='ocrx_word' id='word_1_151' title='bbox 895 2142 1023 2223; x_wconf 85' lang='lat' dir='ltr'><strong>possent</strong></span> <span class='ocrx_word' id='word_1_152' title='bbox 1036 2161 1198 2224; x_wconf 83' lang='lat' dir='ltr'><strong>emergere</strong></span> <span class='ocrx_word' id='word_1_153' title='bbox 1209 2143 1436 2226; x_wconf 80' lang='lat' dir='ltr'><strong>confugientes</strong></span> 
     </span>
     <span class='ocr_line' id='line_1_18' title="bbox 301 2240 1439 2331; baseline 0.004 -25"><span class='ocrx_word' id='word_1_154' title='bbox 301 2240 343 2306; x_wconf 87' lang='lat' dir='ltr'><strong>ed</strong></span> <span class='ocrx_word' id='word_1_155' title='bbox 358 2242 485 2308; x_wconf 84' lang='lat' dir='ltr'><strong>domum</strong></span> <span class='ocrx_word' id='word_1_156' title='bbox 508 2244 581 2309; x_wconf 75' lang='lat' dir='ltr'><strong>dei?</strong></span> <span class='ocrx_word' id='word_1_157' title='bbox 618 2245 729 2331; x_wconf 86' lang='lat' dir='ltr'><strong>&lt;oum&gt;</strong></span> <span class='ocrx_word' id='word_1_158' title='bbox 755 2245 788 2310; x_wconf 92' lang='lat' dir='ltr'><strong>in</strong></span> <span class='ocrx_word' id='word_1_159' title='bbox 806 2244 940 2312; x_wconf 81' lang='lat' dir='ltr'><strong>Actibus</strong></span> <span class='ocrx_word' id='word_1_160' title='bbox 957 2245 1171 2328; x_wconf 86' lang='lat' dir='ltr'><strong>apostolorum</strong></span> <span class='ocrx_word' id='word_1_161' title='bbox 1183 2245 1312 2312; x_wconf 91' lang='lat' dir='ltr'><strong>locutus</strong></span> <span class='ocrx_word' id='word_1_162' title='bbox 1327 2247 1379 2310; x_wconf 84' lang='lat' dir='ltr'><strong>ita</strong></span> <span class='ocrx_word' id='word_1_163' title='bbox 1394 2247 1439 2310; x_wconf 92' lang='lat' dir='ltr'><strong>sit</strong></span> 
     </span>
     <span class='ocr_line' id='line_1_19' title="bbox 300 2343 1437 2433; baseline 0.004 -25"><span class='ocrx_word' id='word_1_164' title='bbox 300 2343 413 2410; x_wconf 86' lang='lat' dir='ltr'><strong>Petrus</strong></span> <span class='ocrx_word' id='word_1_165' title='bbox 433 2346 635 2414; x_wconf 85' lang='lat' dir='ltr'><strong>beatissimus</strong></span> <span class='ocrx_word' id='word_1_166' title='bbox 660 2347 783 2414; x_wconf 86' lang='lat' dir='ltr'><strong>dicens:</strong></span> <span class='ocrx_word' id='word_1_167' title='bbox 813 2351 1049 2431; x_wconf 76' lang='lat' dir='ltr'><strong>poeniteutiam</strong></span> <span class='ocrx_word' id='word_1_168' title='bbox 1076 2351 1169 2433; x_wconf 81' lang='lat' dir='ltr'><strong>opita,</strong></span> <span class='ocrx_word' id='word_1_169' title='bbox 1198 2355 1229 2414; x_wconf 88' lang='lat' dir='ltr'><strong>et</strong></span> <span class='ocrx_word' id='word_1_170' title='bbox 1248 2350 1437 2431; x_wconf 73' lang='lat' dir='ltr'><strong>baptisatur</strong></span> 
     </span>
     <span class='ocr_line' id='line_1_20' title="bbox 300 2451 1436 2533; baseline 0.003 -19"><span class='ocrx_word' id='word_1_171' title='bbox 300 2451 514 2533; x_wconf 77' lang='lat' dir='ltr'><strong>uuusquisque</strong></span> <span class='ocrx_word' id='word_1_172' title='bbox 535 2457 675 2517; x_wconf 84' lang='lat' dir='ltr'><strong>nestrum</strong></span> <span class='ocrx_word' id='word_1_173' title='bbox 702 2453 739 2517; x_wconf 91' lang='lat' dir='ltr'><strong>in</strong></span> <span class='ocrx_word' id='word_1_174' title='bbox 757 2454 885 2519; x_wconf 87' lang='lat' dir='ltr'><strong>nomine</strong></span> <span class='ocrx_word' id='word_1_175' title='bbox 900 2454 1023 2522; x_wconf 80' lang='lat' dir='ltr'><strong>demini</strong></span> <span class='ocrx_word' id='word_1_176' title='bbox 1038 2455 1140 2519; x_wconf 90' lang='lat' dir='ltr'><strong>nostri</strong></span> <span class='ocrx_word' id='word_1_177' title='bbox 1155 2454 1230 2519; x_wconf 78' lang='lat' dir='ltr'><strong>Ieme</strong></span> <span class='ocrx_word' id='word_1_178' title='bbox 1245 2452 1377 2521; x_wconf 76' lang='lat' dir='ltr'><strong>Christi</strong></span> <span class='ocrx_word' id='word_1_179' title='bbox 1399 2455 1436 2518; x_wconf 91' lang='lat' dir='ltr'><strong>in</strong></span> 
     </span>
     <span class='ocr_line' id='line_1_21' title="bbox 301 2554 1472 2639; baseline 0.003 -24"><span class='ocrx_word' id='word_1_180' title='bbox 301 2554 517 2620; x_wconf 80' lang='lat' dir='ltr'><strong>remissionem</strong></span> <span class='ocrx_word' id='word_1_181' title='bbox 539 2560 796 2638; x_wconf 85' lang='lat' dir='ltr'><strong>peccatorum‚et</strong></span> <span class='ocrx_word' id='word_1_182' title='bbox 819 2558 980 2639; x_wconf 89' lang='lat' dir='ltr'><strong>accipietis</strong></span> <span class='ocrx_word' id='word_1_183' title='bbox 1007 2558 1125 2623; x_wconf 59' lang='lat' dir='ltr'><strong>mum</strong></span> <span class='ocrx_word' id='word_1_184' title='bbox 1147 2559 1283 2639; x_wconf 89' lang='lat' dir='ltr'><strong>spiritus</strong></span> <span class='ocrx_word' id='word_1_185' title='bbox 1312 2560 1435 2625; x_wconf 86' lang='lat' dir='ltr'><strong>saneti.</strong></span> <span class='ocrx_word' id='word_1_186' title='bbox 1448 2580 1472 2618; x_wconf 83' lang='lat' dir='ltr'><strong>n</strong></span> 
     </span>
     <span class='ocr_line' id='line_1_22' title="bbox 302 2655 1437 2744; baseline 0.005 -25"><span class='ocrx_word' id='word_1_187' title='bbox 302 2655 393 2743; x_wconf 85' lang='lat' dir='ltr'><strong>uobis</strong></span> <span class='ocrx_word' id='word_1_188' title='bbox 414 2658 498 2721; x_wconf 89' lang='lat' dir='ltr'><strong>enim</strong></span> <span class='ocrx_word' id='word_1_189' title='bbox 521 2664 565 2722; x_wconf 88' lang='lat' dir='ltr'><strong>est</strong></span> <span class='ocrx_word' id='word_1_190' title='bbox 582 2658 657 2725; x_wconf 79' lang='lat' dir='ltr'><strong>baec</strong></span> <span class='ocrx_word' id='word_1_191' title='bbox 674 2661 847 2741; x_wconf 78' lang='lat' dir='ltr'><strong>promissio</strong></span> <span class='ocrx_word' id='word_1_192' title='bbox 869 2665 900 2725; x_wconf 92' lang='lat' dir='ltr'><strong>et</strong></span> <span class='ocrx_word' id='word_1_193' title='bbox 920 2662 1001 2743; x_wconf 75' lang='lat' dir='ltr'><strong>filiis</strong></span> <span class='ocrx_word' id='word_1_194' title='bbox 1023 2663 1138 2727; x_wconf 86' lang='lat' dir='ltr'><strong>uestris</strong></span> <span class='ocrx_word' id='word_1_195' title='bbox 1159 2666 1188 2727; x_wconf 87' lang='lat' dir='ltr'><strong>et</strong></span> <span class='ocrx_word' id='word_1_196' title='bbox 1210 2662 1361 2726; x_wconf 89' lang='lat' dir='ltr'><strong>omnibus</strong></span> <span class='ocrx_word' id='word_1_197' title='bbox 1377 2663 1437 2744; x_wconf 84' lang='lat' dir='ltr'><strong>qui</strong></span> 
     </span>
     <span class='ocr_line' id='line_1_23' title="bbox 304 2756 1436 2845; baseline 0.009 -24"><span class='ocrx_word' id='word_1_198' title='bbox 304 2756 393 2841; x_wconf 82' lang='lat' dir='ltr'><strong>bonpe</strong></span> <span class='ocrx_word' id='word_1_199' title='bbox 414 2763 498 2840; x_wconf 89' lang='lat' dir='ltr'><strong>sunt,</strong></span> <span class='ocrx_word' id='word_1_200' title='bbox 522 2781 727 2845; x_wconf 86' lang='lat' dir='ltr'><strong>quoscumque</strong></span> <span class='ocrx_word' id='word_1_201' title='bbox 741 2765 951 2831; x_wconf 76' lang='lat' dir='ltr'><strong>aduocmmit</strong></span> <span class='ocrx_word' id='word_1_202' title='bbox 964 2765 1112 2832; x_wconf 81' lang='lat' dir='ltr'><strong>dorninus</strong></span> <span class='ocrx_word' id='word_1_203' title='bbox 1126 2766 1202 2831; x_wconf 80' lang='lat' dir='ltr'><strong>deus</strong></span> <span class='ocrx_word' id='word_1_204' title='bbox 1216 2770 1327 2833; x_wconf 77' lang='lat' dir='ltr'><strong>mser.</strong></span> <span class='ocrx_word' id='word_1_205' title='bbox 1352 2767 1436 2831; x_wconf 84' lang='lat' dir='ltr'><strong>abiis</strong></span> 
     </span>
     <span class='ocr_line' id='line_1_24' title="bbox 302 2862 1436 2946; baseline 0.007 -21"><span class='ocrx_word' id='word_1_206' title='bbox 302 2862 398 2925; x_wconf 88' lang='lat' dir='ltr'><strong>etiam</strong></span> <span class='ocrx_word' id='word_1_207' title='bbox 420 2864 524 2929; x_wconf 87' lang='lat' dir='ltr'><strong>uerbis</strong></span> <span class='ocrx_word' id='word_1_208' title='bbox 535 2865 688 2946; x_wconf 85' lang='lat' dir='ltr'><strong>piurimis</strong></span> <span class='ocrx_word' id='word_1_209' title='bbox 707 2869 942 2933; x_wconf 73' lang='lat' dir='ltr'><strong>contestabatur</strong></span> <span class='ocrx_word' id='word_1_210' title='bbox 957 2874 986 2933; x_wconf 92' lang='lat' dir='ltr'><strong>et</strong></span> <span class='ocrx_word' id='word_1_211' title='bbox 1000 2869 1225 2935; x_wconf 75' lang='lat' dir='ltr'><strong>exhortabatur</strong></span> <span class='ocrx_word' id='word_1_212' title='bbox 1237 2888 1288 2934; x_wconf 91' lang='lat' dir='ltr'><strong>eos</strong></span> <span class='ocrx_word' id='word_1_213' title='bbox 1302 2870 1436 2935; x_wconf 82' lang='lat' dir='ltr'><strong>dicens.-</strong></span> 
     </span>
     <span class='ocr_line' id='line_1_25' title="bbox 302 2965 1435 3056; baseline 0.008 -27"><span class='ocrx_word' id='word_1_214' title='bbox 302 2965 415 3046; x_wconf 75' lang='lat' dir='ltr'><strong>eripite</strong></span> <span class='ocrx_word' id='word_1_215' title='bbox 436 2986 492 3033; x_wconf 88' lang='lat' dir='ltr'><strong>uos</strong></span> <span class='ocrx_word' id='word_1_216' title='bbox 514 2990 535 3033; x_wconf 92' lang='lat' dir='ltr'><strong>a</strong></span> <span class='ocrx_word' id='word_1_217' title='bbox 555 2972 755 3053; x_wconf 85' lang='lat' dir='ltr'><strong>peneratione</strong></span> <span class='ocrx_word' id='word_1_218' title='bbox 778 2973 842 3037; x_wconf 89' lang='lat' dir='ltr'><strong>isto</strong></span> <span class='ocrx_word' id='word_1_219' title='bbox 854 2993 974 3053; x_wconf 90' lang='lat' dir='ltr'><strong>praua.</strong></span> <span class='ocrx_word' id='word_1_220' title='bbox 1015 2992 1072 3037; x_wconf 93' lang='lat' dir='ltr'><strong>nec</strong></span> <span class='ocrx_word' id='word_1_221' title='bbox 1095 2974 1213 3056; x_wconf 89' lang='lat' dir='ltr'><strong>poteris</strong></span> <span class='ocrx_word' id='word_1_222' title='bbox 1237 2973 1345 3037; x_wconf 90' lang='lat' dir='ltr'><strong>dicere</strong></span> <span class='ocrx_word' id='word_1_223' title='bbox 1368 2992 1435 3038; x_wconf 94' lang='lat' dir='ltr'><strong>non</strong></span> 
     </span>
     <span class='ocr_line' id='line_1_26' title="bbox 304 3070 1469 3158; baseline 0.006 -26"><span class='ocrx_word' id='word_1_224' title='bbox 304 3087 360 3133; x_wconf 91' lang='lat' dir='ltr'><strong>uos</strong></span> <span class='ocrx_word' id='word_1_225' title='bbox 385 3088 453 3135; x_wconf 88' lang='lat' dir='ltr'><strong>esso</strong></span> <span class='ocrx_word' id='word_1_226' title='bbox 476 3070 625 3139; x_wconf 82' lang='lat' dir='ltr'><strong>Arriams</strong></span> <span class='ocrx_word' id='word_1_227' title='bbox 647 3075 883 3156; x_wconf 80' lang='lat' dir='ltr'><strong>generationem</strong></span> <span class='ocrx_word' id='word_1_228' title='bbox 904 3095 1046 3158; x_wconf 80' lang='lat' dir='ltr'><strong>prauam,</strong></span> <span class='ocrx_word' id='word_1_229' title='bbox 1070 3076 1164 3143; x_wconf 90' lang='lat' dir='ltr'><strong>sicuti</strong></span> <span class='ocrx_word' id='word_1_230' title='bbox 1179 3076 1296 3141; x_wconf 80' lang='lat' dir='ltr'><strong>fuerint</strong></span> <span class='ocrx_word' id='word_1_231' title='bbox 1312 3096 1351 3141; x_wconf 88' lang='lat' dir='ltr'><strong>ac</strong></span> <span class='ocrx_word' id='word_1_232' title='bbox 1369 3077 1469 3141; x_wconf 73' lang='lat' dir='ltr'><strong>sines</strong></span> 
     </span>
    </p>
   </div>
   <div class='ocr_carea' id='block_1_3' title="bbox 208 3172 1468 3675">
    <p class='ocr_par' dir='ltr' id='par_1_3' title="bbox 208 3172 1468 3675">
     <span class='ocr_line' id='line_1_27' title="bbox 301 3172 1434 3263; baseline 0.007 -27"><span class='ocrx_word' id='word_1_233' title='bbox 301 3172 421 3252; x_wconf 86' lang='lat' dir='ltr'><strong>Iudaei,</strong></span> <span class='ocrx_word' id='word_1_234' title='bbox 457 3176 580 3257; x_wconf 84' lang='lat' dir='ltr'><strong>quando</strong></span> <span class='ocrx_word' id='word_1_235' title='bbox 611 3194 722 3243; x_wconf 86' lang='lat' dir='ltr'><strong>cernas</strong></span> <span class='ocrx_word' id='word_1_236' title='bbox 750 3178 825 3244; x_wconf 87' lang='lat' dir='ltr'><strong>tunc</strong></span> <span class='ocrx_word' id='word_1_237' title='bbox 854 3180 975 3245; x_wconf 77' lang='lat' dir='ltr'><strong>scribam</strong></span> <span class='ocrx_word' id='word_1_238' title='bbox 996 3180 1184 3245; x_wconf 80' lang='lat' dir='ltr'><strong>Pharisaeos</strong></span> <span class='ocrx_word' id='word_1_239' title='bbox 1211 3180 1244 3245; x_wconf 91' lang='lat' dir='ltr'><strong>et</strong></span> <span class='ocrx_word' id='word_1_240' title='bbox 1269 3180 1434 3263; x_wconf 87' lang='lat' dir='ltr'><strong>principes</strong></span> 
     </span>
     <span class='ocr_line' id='line_1_28' title="bbox 302 3275 1436 3365; baseline 0.008 -27"><span class='ocrx_word' id='word_1_241' title='bbox 302 3275 491 3343; x_wconf 83' lang='lat' dir='ltr'><strong>Iudaeorum</strong></span> <span class='ocrx_word' id='word_1_242' title='bbox 512 3278 631 3343; x_wconf 85' lang='lat' dir='ltr'><strong>idcirco</strong></span> <span class='ocrx_word' id='word_1_243' title='bbox 655 3298 724 3345; x_wconf 89' lang='lat' dir='ltr'><strong>esse</strong></span> <span class='ocrx_word' id='word_1_244' title='bbox 749 3280 851 3347; x_wconf 87' lang='lat' dir='ltr'><strong>dictos</strong></span> <span class='ocrx_word' id='word_1_245' title='bbox 872 3300 972 3363; x_wconf 87' lang='lat' dir='ltr'><strong>praua</strong></span> <span class='ocrx_word' id='word_1_246' title='bbox 993 3284 1164 3365; x_wconf 87' lang='lat' dir='ltr'><strong>generatio,</strong></span> <span class='ocrx_word' id='word_1_247' title='bbox 1187 3283 1273 3365; x_wconf 83' lang='lat' dir='ltr'><strong>quod</strong></span> <span class='ocrx_word' id='word_1_248' title='bbox 1296 3283 1436 3347; x_wconf 92' lang='lat' dir='ltr'><strong>enimet</strong></span> 
     </span>
     <span class='ocr_line' id='line_1_29' title="bbox 208 3370 1432 3462; baseline 0.008 -23"><span class='ocrx_word' id='word_1_249' title='bbox 208 3370 219 3421; x_wconf 76' lang='lat' dir='ltr'><strong>t</strong></span> <span class='ocrx_word' id='word_1_250' title='bbox 303 3377 355 3441; x_wconf 86' lang='lat' dir='ltr'><strong>dei</strong></span> <span class='ocrx_word' id='word_1_251' title='bbox 377 3382 534 3462; x_wconf 88' lang='lat' dir='ltr'><strong>negabant</strong></span> <span class='ocrx_word' id='word_1_252' title='bbox 554 3381 656 3446; x_wconf 86' lang='lat' dir='ltr'><strong>filium</strong></span> <span class='ocrx_word' id='word_1_253' title='bbox 680 3382 713 3447; x_wconf 89' lang='lat' dir='ltr'><strong>et</strong></span> <span class='ocrx_word' id='word_1_254' title='bbox 734 3402 844 3449; x_wconf 88' lang='lat' dir='ltr'><strong>omnes</strong></span> <span class='ocrx_word' id='word_1_255' title='bbox 858 3384 891 3449; x_wconf 94' lang='lat' dir='ltr'><strong>in</strong></span> <span class='ocrx_word' id='word_1_256' title='bbox 907 3384 974 3452; x_wconf 86' lang='lat' dir='ltr'><strong>eius</strong></span> <span class='ocrx_word' id='word_1_257' title='bbox 989 3386 1154 3452; x_wconf 89' lang='lat' dir='ltr'><strong>credentes</strong></span> <span class='ocrx_word' id='word_1_258' title='bbox 1170 3386 1310 3451; x_wconf 82' lang='lat' dir='ltr'><strong>diuinum</strong></span> <span class='ocrx_word' id='word_1_259' title='bbox 1325 3385 1432 3449; x_wconf 86' lang='lat' dir='ltr'><strong>maie-</strong></span> 
     </span>
     <span class='ocr_line' id='line_1_30' title="bbox 305 3480 1432 3571; baseline 0.008 -26"><span class='ocrx_word' id='word_1_260' title='bbox 305 3480 420 3545; x_wconf 86' lang='lat' dir='ltr'><strong>statem</strong></span> <span class='ocrx_word' id='word_1_261' title='bbox 442 3485 713 3567; x_wconf 87' lang='lat' dir='ltr'><strong>persequerentur.</strong></span> <span class='ocrx_word' id='word_1_262' title='bbox 752 3506 824 3565; x_wconf 88' lang='lat' dir='ltr'><strong>non,</strong></span> <span class='ocrx_word' id='word_1_263' title='bbox 846 3487 986 3570; x_wconf 87' lang='lat' dir='ltr'><strong>inquam,</strong></span> <span class='ocrx_word' id='word_1_264' title='bbox 1008 3490 1125 3571; x_wconf 89' lang='lat' dir='ltr'><strong>poteris</strong></span> <span class='ocrx_word' id='word_1_265' title='bbox 1148 3490 1253 3555; x_wconf 84' lang='lat' dir='ltr'><strong>dicero</strong></span> <span class='ocrx_word' id='word_1_266' title='bbox 1274 3490 1308 3555; x_wconf 92' lang='lat' dir='ltr'><strong>te</strong></span> <span class='ocrx_word' id='word_1_267' title='bbox 1333 3490 1432 3571; x_wconf 84' lang='lat' dir='ltr'><strong>atque</strong></span> 
     </span>
     <span class='ocr_line' id='line_1_31' title="bbox 303 3584 1468 3675; baseline 0.01 -29"><span class='ocrx_word' id='word_1_268' title='bbox 303 3584 433 3651; x_wconf 87' lang='lat' dir='ltr'><strong>cunctos</strong></span> <span class='ocrx_word' id='word_1_269' title='bbox 448 3585 597 3653; x_wconf 77' lang='lat' dir='ltr'><strong>Amaras</strong></span> <span class='ocrx_word' id='word_1_270' title='bbox 619 3607 681 3653; x_wconf 91' lang='lat' dir='ltr'><strong>non</strong></span> <span class='ocrx_word' id='word_1_271' title='bbox 705 3608 775 3655; x_wconf 88' lang='lat' dir='ltr'><strong>esse</strong></span> <span class='ocrx_word' id='word_1_272' title='bbox 789 3592 1024 3673; x_wconf 84' lang='lat' dir='ltr'><strong>generationem</strong></span> <span class='ocrx_word' id='word_1_273' title='bbox 1039 3611 1171 3675; x_wconf 84' lang='lat' dir='ltr'><strong>prauum</strong></span> <span class='ocrx_word' id='word_1_274' title='bbox 1185 3592 1218 3657; x_wconf 90' lang='lat' dir='ltr'><strong>ot</strong></span> <span class='ocrx_word' id='word_1_275' title='bbox 1232 3612 1429 3675; x_wconf 78' lang='lat' dir='ltr'><strong>peruersam</strong></span> <span class='ocrx_word' id='word_1_276' title='bbox 1443 3608 1468 3646; x_wconf 80' lang='lat' dir='ltr'><strong>n</strong></span> 
     </span>
    </p>
   </div>
   <div class='ocr_carea' id='block_1_4' title="bbox 404 3789 1031 3859">
    <p class='ocr_par' dir='ltr' id='par_1_4' title="bbox 404 3789 1031 3859">
     <span class='ocr_line' id='line_1_32' title="bbox 404 3789 1031 3859; baseline 0.014 -17"><span class='ocrx_word' id='word_1_277' title='bbox 404 3789 519 3846; x_wconf 80' lang='lat' dir='ltr'><strong>5Hebr.</strong></span> <span class='ocrx_word' id='word_1_278' title='bbox 536 3792 562 3854; x_wconf 85' lang='lat'><strong>4,</strong></span> <span class='ocrx_word' id='word_1_279' title='bbox 583 3792 684 3847; x_wconf 81' lang='lat'><strong>11-13</strong></span> <span class='ocrx_word' id='word_1_280' title='bbox 753 3794 787 3849; x_wconf 90' lang='grc'><strong>18</strong></span> <span class='ocrx_word' id='word_1_281' title='bbox 804 3794 865 3849; x_wconf 80' lang='lat' dir='ltr'><strong>Act.</strong></span> <span class='ocrx_word' id='word_1_282' title='bbox 883 3795 909 3859; x_wconf 78' lang='lat'><strong>2,</strong></span> <span class='ocrx_word' id='word_1_283' title='bbox 927 3794 1031 3851; x_wconf 78' lang='lat'><strong>38-40</strong></span> 
     </span>
    </p>
   </div>
   <div class='ocr_carea' id='block_1_5' title="bbox 293 3976 1431 4397">
    <p class='ocr_par' dir='ltr' id='par_1_5' title="bbox 293 3976 1431 4397">
     <span class='ocr_line' id='line_1_33' title="bbox 353 3976 1431 4053; baseline 0.009 -24"><span class='ocrx_word' id='word_1_284' title='bbox 353 3976 369 4029; x_wconf 85' lang='lat'><strong>3</strong></span> <span class='ocrx_word' id='word_1_285' title='bbox 388 3978 516 4046; x_wconf 87' lang='lat' dir='ltr'><strong>quomodo</strong></span> <span class='ocrx_word' id='word_1_286' title='bbox 539 3980 684 4052; x_wconf 88' lang='lat' dir='ltr'><strong>Latinius,</strong></span> <span class='ocrx_word' id='word_1_287' title='bbox 704 3998 782 4051; x_wconf 88' lang='lat' dir='ltr'><strong>quam</strong></span> <span class='ocrx_word' id='word_1_288' title='bbox 803 3985 834 4047; x_wconf 89' lang='lat' dir='ltr'><strong>V,</strong></span> <span class='ocrx_word' id='word_1_289' title='bbox 859 3999 936 4053; x_wconf 87' lang='lat' dir='ltr'><strong>quam</strong></span> <span class='ocrx_word' id='word_1_290' title='bbox 954 4000 1012 4040; x_wconf 90' lang='lat' dir='ltr'><strong>cum</strong></span> <span class='ocrx_word' id='word_1_291' title='bbox 1034 3986 1104 4040; x_wconf 89' lang='lat' dir='ltr'><strong>coni.</strong></span> <span class='ocrx_word' id='word_1_292' title='bbox 1130 3986 1220 4040; x_wconf 85' lang='lat' dir='ltr'><strong>Titius</strong></span> <span class='ocrx_word' id='word_1_293' title='bbox 1296 3985 1431 4040; x_wconf 76' lang='lat' dir='ltr'><strong>icadant</strong></span> 
     </span>
     <span class='ocr_line' id='line_1_34' title="bbox 293 4064 1429 4138; baseline 0.009 -22"><span class='ocrx_word' id='word_1_294' title='bbox 293 4080 317 4116; x_wconf 82' lang='lat' dir='ltr'><strong>o</strong></span> <span class='ocrx_word' id='word_1_295' title='bbox 421 4064 437 4117; x_wconf 90' lang='lat'><em>8</em></span> <span class='ocrx_word' id='word_1_296' title='bbox 461 4065 638 4119; x_wconf 87' lang='lat' dir='ltr'><strong>acutissimum</strong></span> <span class='ocrx_word' id='word_1_297' title='bbox 661 4068 777 4138; x_wconf 85' lang='lat' dir='ltr'><strong>scripsi,</strong></span> <span class='ocrx_word' id='word_1_298' title='bbox 801 4069 951 4123; x_wconf 69' lang='lat' dir='ltr'><strong>carosomi</strong></span> <span class='ocrx_word' id='word_1_299' title='bbox 972 4071 1011 4125; x_wconf 86' lang='lat' dir='ltr'><strong>Vo</strong></span> <span class='ocrx_word' id='word_1_300' title='bbox 1115 4070 1148 4123; x_wconf 86' lang='lat'><strong>15</strong></span> <span class='ocrx_word' id='word_1_301' title='bbox 1170 4070 1318 4125; x_wconf 86' lang='lat' dir='ltr'><strong>imitatores</strong></span> <span class='ocrx_word' id='word_1_302' title='bbox 1343 4074 1429 4126; x_wconf 91' lang='lat' dir='ltr'><strong>omnis</strong></span> 
     </span>
     <span class='ocr_line' id='line_1_35' title="bbox 301 4150 1426 4221; baseline 0.008 -19"><span class='ocrx_word' id='word_1_303' title='bbox 301 4150 412 4218; x_wconf 77' lang='lat' dir='ltr'><strong>scripsi,</strong></span> <span class='ocrx_word' id='word_1_304' title='bbox 430 4150 587 4205; x_wconf 85' lang='lat' dir='ltr'><strong>imitationis</strong></span> <span class='ocrx_word' id='word_1_305' title='bbox 603 4154 634 4215; x_wconf 89' lang='lat' dir='ltr'><strong>V,</strong></span> <span class='ocrx_word' id='word_1_306' title='bbox 652 4153 801 4207; x_wconf 80' lang='lat' dir='ltr'><strong>irritatores</strong></span> <span class='ocrx_word' id='word_1_307' title='bbox 819 4155 889 4209; x_wconf 86' lang='lat' dir='ltr'><strong>coni.</strong></span> <span class='ocrx_word' id='word_1_308' title='bbox 905 4156 996 4210; x_wconf 86' lang='lat' dir='ltr'><strong>Titius</strong></span> <span class='ocrx_word' id='word_1_309' title='bbox 1065 4156 1097 4209; x_wconf 79' lang='lat'><strong>17</strong></span> <span class='ocrx_word' id='word_1_310' title='bbox 1117 4171 1175 4209; x_wconf 91' lang='lat' dir='ltr'><strong>cum</strong></span> <span class='ocrx_word' id='word_1_311' title='bbox 1192 4156 1221 4210; x_wconf 92' lang='lat' dir='ltr'><strong>in</strong></span> <span class='ocrx_word' id='word_1_312' title='bbox 1239 4159 1310 4212; x_wconf 80' lang='lat' dir='ltr'><strong>eonii,</strong></span> <span class='ocrx_word' id='word_1_313' title='bbox 1330 4158 1426 4221; x_wconf 67' lang='lat' dir='ltr'><strong>eante</strong></span> 
     </span>
     <span class='ocr_line' id='line_1_36' title="bbox 301 4232 1429 4309; baseline 0.009 -23"><span class='ocrx_word' id='word_1_314' title='bbox 301 4232 390 4293; x_wconf 86' lang='lat' dir='ltr'><strong>inVo</strong></span> <span class='ocrx_word' id='word_1_315' title='bbox 496 4236 527 4289; x_wconf 88' lang='lat'><strong>19</strong></span> <span class='ocrx_word' id='word_1_316' title='bbox 550 4238 632 4291; x_wconf 83' lang='lat' dir='ltr'><strong>nostri</strong></span> <span class='ocrx_word' id='word_1_317' title='bbox 650 4254 671 4292; x_wconf 90' lang='lat' dir='ltr'><strong>s.</strong></span> <span class='ocrx_word' id='word_1_318' title='bbox 691 4238 708 4292; x_wconf 87' lang='lat' dir='ltr'><strong>i.</strong></span> <span class='ocrx_word' id='word_1_319' title='bbox 726 4245 795 4294; x_wconf 78' lang='lat' dir='ltr'><strong>nal</strong></span> <span class='ocrx_word' id='word_1_320' title='bbox 899 4239 931 4293; x_wconf 79' lang='lat'><strong>21</strong></span> <span class='ocrx_word' id='word_1_321' title='bbox 954 4240 1079 4309; x_wconf 85' lang='lat' dir='ltr'><strong>promisio</strong></span> <span class='ocrx_word' id='word_1_322' title='bbox 1103 4247 1172 4296; x_wconf 77' lang='lat' dir='ltr'><strong>mi</strong></span> <span class='ocrx_word' id='word_1_323' title='bbox 1285 4242 1429 4298; x_wconf 76' lang='lat' dir='ltr'><strong>22noster</strong></span> 
     </span>
     <span class='ocr_line' id='line_1_37' title="bbox 299 4318 1340 4397; baseline 0.011 -25"><span class='ocrx_word' id='word_1_324' title='bbox 299 4318 439 4375; x_wconf 85' lang='lat' dir='ltr'><strong>Latinius</strong></span> <span class='ocrx_word' id='word_1_325' title='bbox 514 4321 546 4375; x_wconf 81' lang='lat'><strong>23</strong></span> <span class='ocrx_word' id='word_1_326' title='bbox 564 4324 733 4378; x_wconf 85' lang='lat' dir='ltr'><strong>exortabatur</strong></span> <span class='ocrx_word' id='word_1_327' title='bbox 808 4323 841 4379; x_wconf 77' lang='lat'><strong>27</strong></span> <span class='ocrx_word' id='word_1_328' title='bbox 859 4340 967 4393; x_wconf 84' lang='lat' dir='ltr'><strong>prauum</strong></span> <span class='ocrx_word' id='word_1_329' title='bbox 984 4326 1181 4394; x_wconf 84' lang='lat' dir='ltr'><strong>generationem</strong></span> <span class='ocrx_word' id='word_1_330' title='bbox 1199 4334 1340 4397; x_wconf 80' lang='lat' dir='ltr'><strong>exspectes</strong></span> 
     </span>
    </p>
   </div>
   <div class='ocr_carea' id='block_1_6' title="bbox 0 0 1539 5000">
    <p class='ocr_par' dir='ltr' id='par_1_6' title="bbox 0 0 1539 5000">
     <span class='ocr_line' id='line_1_38' title="bbox 0 0 1539 5000; baseline 0 0"><span class='ocrx_word' id='word_1_331' title='bbox 0 0 1539 5000; x_wconf 95' lang='lat' dir='ltr'><strong> </strong></span> 
     </span>
    </p>
   </div>
  </div>
 </body>
</html>
