3050 5000
408 357 448 409 De
467 358 558 409 sancto
576 356 723 411 Athanasio
741 356 809 411 liber
826 358 858 411 Π.
1139 362 1201 427 187

64 546 255 611 exhibeatur
276 545 327 608 lex
349 546 510 626 praecepit
532 546 665 611 sancta?
686 564 798 627 nempe
817 546 872 609 illa
888 566 968 628 quae
983 549 1110 630 torquet
1123 570 1199 633 pro-

63 649 181 714 scribit
205 649 350 730 deportat
366 648 464 711 mittit
485 649 518 711 in
539 666 700 713 carcerem
724 649 853 714 deducit
876 650 917 713 ad
940 652 1033 715 exilia
1054 653 1200 719 conlocat

62 754 97 817 in
121 752 266 828 metalla,
296 752 352 815 illa
374 770 455 832 quae
477 751 553 815 fami
576 752 628 815 siti
652 754 836 817 uerberibus
859 754 1003 819 nuditate
1026 757 1128 835 necat,
1160 757 1200 821 ad

63 856 217 919 ultimum
239 855 295 919 illa
317 874 398 936 quae
413 855 519 937 gladio
534 856 633 937 punit.
657 856 734 919 haec
749 857 807 933 est,
833 856 1006 934 Constanti,
1030 858 1086 922 tua
1101 860 1199 924 mise·

38 958 207 1024 sricordia
229 976 309 1039 quae
333 976 392 1023 non
415 958 522 1021 ueniat
546 957 676 1041 exlege
700 958 761 1037 dei,
792 960 850 1022 sed
879 979 916 1023 er
945 961 1201 1043 praesumptione

68 1061 200 1126 diaboli.
224 1062 382 1126 iudicium
403 1065 432 1126 et
453 1060 711 1128 misericordiam
726 1066 756 1125 et
771 1063 877 1144 pidem,
900 1062 986 1145 haec,
1009 1064 1121 1145 inquit,
1144 1085 1201 1130 uos

65 1167 212 1247 oportuit
230 1168 336 1248 facere
363 1170 392 1230 et
412 1165 474 1230 itta
502 1184 568 1230 rou
590 1165 739 1230 omittere.
783 1166 838 1230 uhi
869 1167 917 1229 est
939 1166 1019 1231 fides
1041 1167 1119 1231 tua?
1148 1166 1201 1248 qui

66 1267 169 1331 fidem
192 1287 286 1350 quam
307 1270 476 1333 tenuerunt
498 1268 659 1334 Abraham
681 1271 773 1334 Isaac
798 1270 830 1333 et
851 1270 946 1334 Iacob
970 1270 1145 1335 beatissimi
1170 1271 1202 1335 et

66 1373 179 1437 cuncti
200 1373 371 1453 prophetae
403 1372 536 1454 apostoli
565 1391 601 1436 ac
631 1374 786 1456 martyres
815 1373 1022 1437 damnaueras
1053 1373 1084 1436 et
1112 1373 1201 1437 illam

31 1500 54 1538 ιο
68 1476 222 1540 statueris
245 1474 478 1556 suscipiendam
502 1494 521 1539 a
542 1476 664 1539 cunctis
688 1477 739 1540 dei
762 1477 945 1557 cultoribus,
975 1497 1070 1560 quam
1093 1480 1202 1543 contra

69 1581 153 1643 hano
166 1578 355 1643 catholicam
369 1577 465 1642 fidem
482 1577 626 1643 diabolus
642 1598 698 1661 per
713 1581 900 1662 magistrruu
916 1582 1058 1645 uestrum
1073 1581 1200 1645 Arrium

69 1682 238 1746 promuerit.
284 1681 397 1763 quihus
421 1700 457 1745 ex
479 1682 574 1747 rebus
589 1701 659 1746 esse
680 1682 875 1765 intellegeris
897 1703 977 1747 unus
1001 1702 1037 1747 er
1059 1683 1123 1748 illis
1146 1683 1200 1765 qui

71 1785 277 1875 dinoscantur
300 1784 425 1849 audire:
444 1805 507 1848 uae
520 1784 618 1865 uehis,
642 1787 765 1852 scribae
780 1790 810 1851 et
823 1786 996 1853 Pharisaei
1012 1787 1200 1870 hypocritae,

71 1889 130 1969 qui
152 1889 318 1953 decimatis
340 1888 502 1953 mentham
523 1893 553 1952 et
575 1888 726 1953 auethum
748 1892 779 1953 et
794 1891 954 1973 cymiuum
978 1894 1008 1956 et
1028 1891 1203 1973 reliquistis

35 2022 58 2061 1⁵
71 2011 154 2071 quae
175 1992 329 2073 pruuiora
350 1996 428 2056 suut
448 1991 525 2073 lepis
546 1991 703 2059 iudicium
726 1998 757 2057 et
777 1994 1031 2059 misericordiam
1053 1997 1084 2057 ct
1095 1993 1200 2076 halma.

72 2094 151 2159 haec
166 2096 305 2177 oportuit
316 2097 423 2177 facere
444 2101 474 2159 et
487 2095 548 2160 itta
562 2116 629 2161 uou
644 2097 790 2161 muittere.
815 2097 908 2162 duces
922 2099 1016 2179 caeci,
1042 2098 1202 2179 liquantes

73 2199 206 2265 culicem
218 2205 247 2264 et
258 2199 411 2264 carulum
427 2202 656 2282 trapluticutes.
680 2202 735 2264 aut
747 2202 876 2286 negabis
888 2201 1023 2265 culicem
1037 2203 1070 2265 te
1081 2202 1205 2283 Equare

74 2305 108 2367 et
130 2303 287 2370 camelum
309 2304 520 2381 transumere,
554 2306 647 2369 homo
671 2306 734 2388 qui,
764 2324 837 2369 oum
867 2305 980 2387 stipem
1010 2324 1070 2369 non
1100 2305 1203 2369 solum

72 2407 203 2487 rogatus
233 2406 290 2470 sed
313 2406 507 2470 attribuens
537 2406 580 2469 sis
610 2424 841 2489 nonnumquam
870 2408 989 2489 sponte,
1018 2408 1135 2488 tamen,
1167 2408 1204 2471 ut

39 2512 125 2577 erest
147 2528 241 2592 saepe
266 2510 394 2588 dictum,
423 2511 601 2592 proscribas
630 2510 824 2575 Christianos
854 2530 888 2576 se
918 2510 1114 2590 confitentes,
1145 2511 1203 2574 de-

74 2614 191 2696 portes,
214 2615 373 2695 torqueas,
397 2615 556 2696 postremo
579 2614 766 2689 interficiam
792 2614 964 2679 etidcirco
988 2633 1058 2680 esse
1081 2616 1113 2679 te
1130 2633 1203 2680 cum

74 2717 141 2781 illis
163 2715 259 2781 debes
283 2716 448 2782 aduertere
472 2715 512 2779 ed
535 2734 613 2797 ques
637 2715 777 2780 dicatm:
811 2737 872 2780 uae.
898 2717 997 2796 uehis,
1026 2717 1147 2783 scrrhae
1175 2723 1204 2782 ct

77 2821 252 2886 Pharisaei
273 2821 463 2904 hypocritae,
490 2821 571 2902 quia
597 2819 720 2884 similes
748 2821 823 2884 estis
852 2820 1008 2900 sepulcris
1036 2822 1204 2900 dealbatis,

76 2944 158 3005 quae
180 2925 282 3006 aforis
297 2928 420 3006 pareat
441 2923 622 2988 homiuibus
645 2924 794 3007 speciosa,
818 2925 905 2989 lutus
919 2943 995 2989 uero
1010 2924 1111 3006 pterea
1126 2927 1203 2989 suut

77 3027 195 3092 ossibus
217 3031 412 3092 emrtuorum
434 3031 464 3091 et
485 3027 574 3092 omui
594 3027 761 3108 spurcitia.
785 3028 830 3091 sic
845 3031 873 3092 ct
888 3045 944 3092 uos
959 3026 1061 3107 aforis
1077 3028 1204 3108 quidem

74 3132 198 3212 paretis
219 3130 399 3196 homiuibus
422 3130 511 3206 iusti,
544 3130 634 3194 irtus
663 3151 739 3194 uero
762 3131 854 3211 pleui
884 3131 959 3194 estis
985 3129 1146 3214 hypocrisi
1176 3135 1205 3194 et

77 3236 257 3317 iniquitate.
280 3253 315 3297 es
332 3251 369 3297 ex
383 3233 448 3297 illis
462 3232 715 3298 interlectoribus
732 3233 773 3296 sd
789 3251 866 3314 quos
883 3232 1014 3296 dicitur:
1036 3237 1202 3314 serpeutes,

78 3339 288 3420 peucramiua
301 3339 500 3420 uiperarum,
522 3337 675 3418 quoruodo
688 3337 820 3418 sapietis
841 3356 863 3399 a
876 3336 997 3400 iudicio
1018 3335 1205 3419 petrarchae?

79 3441 149 3506 ideo
170 3461 235 3507 ecce
256 3442 346 3505 mitto
369 3441 413 3505 ad
433 3459 491 3506 uos
508 3439 684 3523 prophetas
707 3444 737 3504 et
750 3440 910 3520 sapientes
925 3444 955 3503 et
968 3439 1097 3515 scribas,
1121 3443 1151 3504 et
1164 3458 1203 3505 eu

47 3545 149 3611 uitiis
176 3545 321 3610 ochetis
348 3549 377 3610 ct
404 3544 594 3627 crucifipetis
623 3548 654 3607 ct
674 3543 912 3624 persequemini
939 3543 976 3607 de
1004 3543 1138 3610 ciuitate
1170 3542 1207 3608 iu

180 3734 198 3786 6
216 3732 313 3787 nauh.
331 3731 374 3796 23,
393 3731 427 3785 23
515 3732 548 3785 13
565 3731 602 3784 ib.
620 3730 664 3797 23,
682 3730 785 3784 23-25
877 3731 912 3784 22
930 3730 966 3785 ih.
984 3730 1027 3796 23,
1046 3730 1086 3785 27.
1105 3729 1139 3784 28

81 3819 115 3871 27
131 3817 166 3872 ib.
182 3817 225 3882 23,
244 3817 346 3872 33-36

132 4007 149 4060 9
165 4006 331 4060 damnauerls
348 4006 421 4060 coui-
439 4005 530 4059 Titius
605 3977 751 4060 12⁸hruerit
827 4005 860 4058 14
878 4007 968 4058 menta
985 4005 1013 4057 et
1031 4005 1139 4056 anetum

85 4111 115 4164 16
133 4083 193 4164 haee
260 4110 292 4164 l'l
310 4109 563 4178 transglutientesr
643 4108 676 4162 18
693 4109 763 4177 stipe
841 4107 875 4162 20
894 4107 1015 4176 deportes
1034 4106 1145 4174 scripsi,
1164 4104 1210 4158 de·

84 4195 162 4264 portis
177 4197 208 4260 V,
227 4195 385 4264 deportans
453 4195 488 4251 23
497 4195 667 4265 hypochritae
736 4195 879 4264 sepulchris
947 4191 1140 4262 26hypochriei

85 4283 115 4336 30
132 4283 348 4352 persequiminic
