3050 5000
507 398 549 452 De
566 397 672 468 regibus
691 401 853 468 apostaticis.
1202 406 1244 471 39

112 606 202 652 muuc
225 585 392 668 mutam
414 607 495 669 quoe
516 587 591 670 tecit
605 589 737 654 Aueulec
751 589 821 674 tili,
845 589 960 677 Israel,
983 594 1244 674 quemadmodum

117 689 262 754 oluiauit
290 687 348 754 tul
375 690 413 753 iu
440 691 499 756 uia
527 711 626 772 quam
655 693 829 758 ascendisti
852 693 888 758 de
909 694 1060 779 Aeqqpto.
1104 701 1134 762 et
1155 718 1244 764 uuue

115 793 200 857 uade
222 797 251 857 et
266 794 427 874 percuties
450 794 582 859 Amalec
605 798 636 859 et
651 796 762 859 ommia
784 796 898 882 ipsius,
917 801 948 860 et
968 818 1033 864 uou
1048 801 1245 883 concupisces

112 916 153 960 eu
174 893 242 960 illis
270 895 412 978 aliquid,
447 895 501 961 sed
527 897 752 962 eutermiualis
783 897 878 962 illum
902 903 932 964 et
960 900 1246 969 auatleemotiealis

81 997 209 1071 sillum
224 1002 254 1065 et
268 1000 377 1064 omuic
391 999 492 1079 illius,
515 1003 544 1063 et
564 1019 629 1064 mou
638 1021 754 1083 parces
776 1000 829 1066 illi
851 1005 882 1066 et
895 1003 1014 1069 occides
1031 1005 1140 1070 murcia
1155 1004 1245 1070 illius

113 1125 137 1167 a
158 1102 231 1166 uiro
253 1122 350 1186 usque
372 1103 416 1168 ad
437 1101 601 1168 mulierem
622 1104 848 1186 etebiufautc
869 1109 1026 1189 usquead
1041 1109 1243 1174 mutrieutem.

117 1207 152 1270 et
172 1205 268 1271 infra:
291 1211 319 1272 et
340 1208 428 1272 ueuit
450 1205 534 1272 Saul
555 1209 711 1290 usquead
726 1210 889 1276 ciuitatem
905 1211 1047 1294 Amalec,
1071 1211 1246 1276 etaccessit

113 1317 143 1376 et
165 1309 281 1376 obsedit
302 1309 434 1376 Amalec
462 1312 499 1376 iu
526 1315 671 1379 torreute.
713 1318 743 1377 et
770 1313 855 1379 diocit
883 1315 967 1381 Saul
995 1315 1039 1379 ad
1069 1314 1244 1381 Oiuaeum:

116 1416 198 1481 uude
226 1419 256 1480 et
276 1413 405 1480 decliua
426 1436 442 1480 e
464 1415 577 1499 medio,
607 1415 787 1482 etdecliua
809 1418 848 1482 u
871 1417 1015 1504 Amalec,
1044 1422 1074 1482 et
1094 1417 1163 1482 uoli
1185 1417 1245 1483 ad·

67 1543 101 1582 10
108 1538 231 1600 pouere
260 1523 289 1584 te
317 1539 388 1584 cum
416 1518 481 1594 illo,
510 1519 665 1600 quouiam
693 1524 728 1584 tu
759 1518 864 1600 fecisti
893 1521 1146 1588 misericordium
1173 1540 1245 1592 eum

115 1621 197 1704 filiis
208 1621 322 1708 Israel,
339 1643 411 1687 cum
427 1622 632 1687 asceudereut
644 1643 683 1687 ee
694 1623 847 1707 Aeqqpto.
872 1624 1090 1690 etdecliuauit
1107 1623 1246 1690 (linceus

113 1725 154 1790 de
176 1725 276 1790 medio
298 1726 442 1808 Amalec,
466 1729 495 1791 et
512 1725 672 1809 percussit
694 1726 776 1792 Saul
798 1727 932 1793 Amalec
954 1729 994 1793 al
1009 1727 1128 1794 Euilat
1148 1746 1262 1809 usque!

104 1829 192 1913 Sur,
225 1851 305 1913 quae
332 1836 378 1896 est
400 1835 514 1897 coutre
541 1833 659 1914 faciem
684 1834 834 1917 Aeqqpti.
866 1838 895 1899 ct
917 1831 1143 1916 comprelceudit
1164 1827 1246 1894 Saul

115 1934 212 2017 Aqap
235 1955 335 2019 reqem
356 1934 488 2001 Amalec
510 1938 626 2002 uiuum
654 1941 683 2002 et
712 1958 835 2002 omuem
858 1936 1019 2020 populum
1042 1938 1111 2002 eius
1133 1933 1246 2000 occidit

69 2058 100 2098 15
114 2039 155 2102 iu
177 2058 229 2102 ore
249 2038 362 2122 pladii.
407 2039 498 2104 uides
522 2039 690 2122 quomodo,
720 2039 812 2104 tarde
834 2039 921 2119 licet,
946 2037 1109 2105 consecuti
1131 2033 1247 2101 fuerint

116 2140 247 2206 sceleris
270 2140 319 2205 sui
341 2141 472 2222 factum,
497 2143 529 2206 et
551 2144 586 2206 tu
601 2142 721 2226 inquis:
745 2145 812 2208 uisi
827 2141 899 2210 leue
914 2165 1047 2228 aperem,
1071 2159 1247 2223 uumquum
1338 2107 1358 2162 ζ·

113 2244 174 2308 diu
200 2264 374 2327 requerem.
418 2245 523 2327 ipsum
552 2245 648 2309 etiam
676 2245 756 2310 Saul
784 2245 961 2311 inuenimus
991 2248 1100 2311 souma
1129 2241 1247 2309 domini

113 2347 301 2411 mandatum
325 2347 399 2431 quie
420 2349 540 2428 feeerit,
565 2348 650 2431 quod
671 2348 766 2412 fuerit
787 2350 983 2431 reprobatus,
1015 2350 1047 2414 et
1067 2347 1246 2414 tamen‘diu

116 2451 299 2535 regnauerit
320 2452 392 2534 poet
413 2450 676 2536 reprobationem,
699 2453 907 2537 posteaquam
931 2452 1010 2518 dixit
1032 2452 1073 2518 ad
1096 2449 1246 2519 Samuhel

68 2574 101 2615 ae
118 2556 214 2619 deus:
232 2557 376 2637 paenitet
398 2577 447 2621 me
468 2557 599 2621 uouisse
620 2557 658 2620 iu
680 2577 782 2640 reqem
805 2556 896 2623 Saul.
937 2557 968 2620 et
989 2557 1025 2620 tu
1048 2555 1168 2639 inquis:
1192 2574 1246 2637 eqo

115 2658 184 2724 uisi
213 2663 293 2724 recte
322 2658 454 2740 fuissem
483 2659 621 2739 crederes,
656 2659 723 2725 uisi
752 2660 903 2743 quomodo
929 2665 975 2724 est
1005 2660 1059 2724 deo
1085 2658 1245 2743 placitam

114 2763 268 2846 uiuerem,
297 2783 473 2843 uumqucm
497 2761 641 2844 profecto
670 2784 756 2828 uuus
785 2784 883 2845 usque
910 2764 1110 2844 imperarem.
1157 2761 1189 2825 et
1210 2760 1247 2824 ut

114 2868 195 2932 haec
218 2865 343 2948 penitus
364 2865 468 2947 possis
489 2864 616 2928 haurire
634 2884 723 2948 quae
732 2866 869 2931 dicimus
882 2866 1010 2948 propter
1026 2864 1113 2943 Saul,
1138 2864 1246 2947 accipe

114 2988 197 3053 quae
214 2969 323 3033 contra
338 2968 456 3033 domini
471 2966 582 3032 lecerit
596 2968 798 3033 mandatum:
821 2974 850 3034 et
866 2970 987 3051 aceepit
1004 2969 1085 3035 Saul
1100 2973 1130 3033 et
1144 2966 1247 3033 omuis

68 3073 253 3156 2⁵populus
275 3073 343 3137 eius
364 3073 459 3155 Aqaq
486 3076 588 3154 reqem
616 3076 644 3136 et
666 3073 749 3136 boue
774 3093 906 3157 quequm
928 3076 956 3137 et
979 3076 1197 3136 armentorum
1218 3072 1251 3133 et

115 3196 262 3242 escarum
284 3178 315 3239 et
334 3175 507 3239 uiueerum
534 3178 564 3239 et
585 3176 728 3240 ommium
750 3172 914 3257 teucrum,
940 3179 968 3241 et
990 3176 1158 3241 uolueruut
1179 3173 1246 3238 dis·

108 3280 242 3363 perdere
264 3276 375 3343 ommia
396 3276 488 3359 leue,
505 3278 560 3343 sed
574 3282 602 3342 el
617 3298 707 3343 omme
721 3298 800 3360 opus
806 3279 982 3360 pretiosum
1003 3277 1249 3343 reseruaueruut

114 3385 145 3446 et
166 3400 367 3464 superuacua
387 3380 655 3463 disperdideruut.
699 3385 727 3445 et
755 3381 877 3462 foetum
900 3386 944 3446 est
965 3382 1094 3447 uerbum
1124 3378 1247 3444 domiui

116 3486 161 3550 ad
184 3483 387 3550 Samuhelem
408 3484 529 3550 diceus:
552 3484 699 3568 paenitet
719 3506 768 3549 me
791 3484 874 3567 quod
896 3484 1115 3573 constituerim
1143 3502 1245 3567 reqem

70 3599 104 3639 ⁸⁰
117 3588 211 3670 Saul,
245 3589 397 3671 quereiam
424 3608 557 3652 auersus
585 3591 630 3652 est
659 3609 680 3652 a
703 3608 750 3651 me
773 3590 801 3652 et
823 3587 920 3653 uerba
942 3607 1012 3653 urea
1035 3607 1099 3653 um
1120 3587 1245 3653 statuit.

117 3695 149 3756 et
170 3692 374 3756 coutristatus
395 3695 441 3755 est
463 3690 615 3759 Samuhel
645 3696 672 3755 et
694 3691 850 3757 clamauit
876 3690 920 3755 ud
950 3690 1042 3757 deum
1072 3696 1137 3755 totu
1159 3692 1248 3753 uocte

221 3928 348 3998 erneg.
367 3930 409 3993 15,
428 3929 496 3982 e-rr
565 3929 600 3983 ao
618 3928 654 3983 11.
673 3931 715 3994 15,
735 3930 766 3983 11
838 3929 927 3985 1111.
947 3931 988 3999 15,
1007 3929 1092 3985 9-12

169 4126 265 4209 1nun⁰
359 4153 487 4210 Amueeh
589 4154 692 4209 41111
797 4156 935 4211 sensum
1039 4154 1069 4209 11
1089 4153 1179 4207 cneus

115 4242 151 4295 20
172 4241 277 4310 penitet
356 4239 390 4293 23
407 4240 530 4308 paenitus
554 4240 614 4305 fere
631 4258 738 4311 semper
820 4241 853 4294 25
872 4257 981 4310 gregum
1001 4240 1139 4309 Solatur,
1157 4244 1248 4307 rigum

119 4330 147 4384 V
214 4326 249 4379 29
266 4325 369 4394 penitet
386 4326 445 4391 fere
462 4342 569 4395 semper
637 4344 680 4397 me
