3050 5000
369 356 411 410 De
429 371 483 409 non
500 356 631 425 parcendo
648 357 678 410 in
694 356 773 411 deum
791 358 1014 427 delinquentibus.
1194 360 1258 427 223

124 548 162 609 et
182 545 346 627 respondit
366 548 434 629 repi
455 546 586 611 uerbum
607 551 637 613 et
659 548 748 612 misit
770 569 828 615 rea
842 550 949 615 losias
971 554 1000 615 et
1022 518 1144 633 callipit
1165 550 1256 615 adse

125 666 238 713 ormocs
259 648 458 732 presbyteros
482 649 571 715 Inda
597 652 634 714 in
655 651 869 717 Hierusalem.
904 657 934 717 et
955 653 1098 719 ascendit
1126 672 1184 719 rea
1211 654 1255 719 od

125 752 295 816 dominnm
316 756 347 815 et
366 771 472 818 omnes
492 754 561 817 uiri
573 753 663 819 Inda
683 758 714 819 et
732 755 908 821 sacerdotes
929 761 959 821 et
975 756 1090 823 leuitas
1107 760 1135 821 ct
1150 757 1254 823 omnis

121 856 266 937 populus
287 876 310 921 a
318 855 440 937 pusillo
461 874 559 937 usaue
581 856 625 921 ad
647 858 809 923 maiorem.
836 862 865 923 et
887 859 964 941 lepit
985 876 1040 923 rea
1062 860 1099 925 in
1121 860 1256 925 auribus

89 974 109 1014 ⁵
120 958 240 1040 populi
261 960 370 1024 ornnio
391 958 489 1025 uerba
511 958 588 1025 lidri
606 962 795 1042 testamenti,
819 962 875 1043 qai
889 963 1040 1027 inuentus
1054 966 1097 1027 est
1112 964 1149 1027 in
1163 963 1256 1030 domo

125 1063 267 1129 dommi.
302 1067 331 1127 et
352 1063 438 1127 stetit
457 1082 515 1128 rea
536 1062 580 1127 ad
601 1062 780 1127 columnam
802 1069 831 1129 et
852 1064 1009 1147 disposuit
1035 1068 1253 1131 testamentum

126 1168 214 1247 qood
235 1167 403 1230 inuentum
424 1166 529 1229 estin
551 1165 639 1229 domo
661 1166 786 1233 domini
808 1171 881 1231 anm
903 1172 1097 1250 conspectam
1117 1168 1252 1249 domini,

125 1271 178 1335 ire
195 1273 269 1351 post
290 1269 455 1333 dominum
476 1273 505 1334 et
527 1267 694 1335 absentare
714 1270 872 1335 mandata
895 1272 963 1337 eius
976 1274 1006 1337 et
1022 1273 1254 1355 testificationes

125 1377 160 1436 et
174 1377 348 1454 praecepta
368 1370 437 1437 eius
458 1372 498 1437 in
518 1376 581 1437 toto
603 1372 694 1436 corde
714 1372 783 1437 eius
805 1376 835 1439 et
862 1376 927 1439 tota
955 1376 1083 1459 anima,
1114 1378 1252 1441 staniere

70 1488 109 1525 1⁰
125 1477 239 1540 omnia
258 1476 357 1540 uerba
378 1476 554 1540 leuamenti
575 1475 670 1539 istius
692 1475 812 1555 scripta
834 1475 872 1540 in
893 1475 971 1541 tam
992 1478 1063 1543 isto.
1096 1483 1125 1543 et
1146 1484 1253 1545 trans-

123 1579 194 1642 iaie
224 1578 329 1642 omnis
351 1577 493 1659 papulus
520 1580 557 1642 in
585 1582 804 1646 testamentum
838 1581 921 1661 quod
946 1582 1101 1662 disposuit
1128 1602 1187 1649 roa*
1213 1602 1252 1647 aa

126 1682 218 1746 lilro.
251 1686 280 1746 et
302 1681 473 1747 mandauit
494 1701 551 1747 rea
574 1680 739 1749 &aetoliae
766 1682 923 1750 sacerdoti
949 1704 1064 1767 noapno
1090 1689 1121 1750 et
1148 1704 1252 1751 sacer-

124 1785 252 1849 dotibus
283 1784 484 1849 secundariis
509 1789 537 1849 et
564 1784 810 1851 ouaodmntdms
830 1786 963 1870 leood,
997 1792 1033 1851 ut
1060 1788 1194 1853 eicerent
1213 1788 1253 1853 de

123 1888 221 1952 domo
242 1887 365 1953 domini
385 1888 496 1952 omnia
523 1907 605 1953 uasa
632 1908 713 1969 auae
732 1890 808 1971 fecit
835 1890 879 1953 ad
900 1889 1013 1955 Balsal
1039 1895 1067 1955 et
1089 1891 1193 1957 Ascra
1222 1896 1251 1955 et

72 2012 109 2056 ιε
123 1991 217 2055 omni
237 1990 373 2057 militiae
393 1991 483 2057 caeli.
506 1995 536 2055 et
556 1991 720 2057 undussa
740 1992 802 2057 illa
822 1993 912 2074 foras
933 1999 1024 2059 satra
1046 1994 1250 2061 Hierusalem

123 2095 168 2158 in
180 2094 328 2159 incendio
342 2095 411 2159 riui
428 2093 562 2161 Oedron.
586 2099 615 2159 et
628 2097 765 2176 sumpsit
786 2096 905 2161 cineres
926 2097 1056 2163 illorum
1078 2103 1107 2163 et
1128 2099 1250 2180 sparsit

123 2198 166 2261 in
193 2197 302 2261 riuum
334 2201 366 2262 et
393 2197 537 2263 obiitin
564 2197 686 2264 Buta.
732 2205 761 2264 el
788 2199 948 2265 combussit
974 2202 1145 2267 sacerdotes
1172 2220 1250 2283 quos

124 2303 360 2367 corrstituerant
381 2321 467 2383 repes
489 2303 609 2385 Iudae,
642 2307 680 2367 ut
707 2304 912 2369 incenderent
932 2304 1060 2371 encelsis
1081 2305 1249 2371 oimtatum

123 2405 258 2470 Iudaet
274 2406 359 2471 circa
373 2404 595 2485 Hierusalem;
617 2406 825 2471 incendebant
837 2406 961 2471 Bahali
984 2411 1011 2471 et
1033 2406 1091 2471 soli
1113 2411 1142 2471 et
1157 2407 1252 2471 lunae

72 2540 109 2579 20
124 2513 159 2573 ct
180 2510 269 2574 anni
289 2510 427 2575 militiae
449 2511 539 2576 coeli.
576 2513 605 2572 et
631 2509 811 2574 astuterunt
838 2512 876 2576 de
897 2512 986 2580 domo
1013 2511 1137 2576 domiai
1163 2512 1252 2593 toras

124 2616 220 2676 eatra
234 2612 438 2678 Hierusalem
460 2613 498 2677 in
520 2613 630 2678 mnam
654 2611 784 2696 Codrum,
808 2617 837 2678 et
858 2614 1044 2678 eatenuauit
1064 2614 1199 2680 nnerem
1221 2617 1249 2678 et

119 2717 260 2796 proiecit
290 2717 330 2782 in
360 2719 599 2781 monumentum
629 2715 771 2797 filiorum
800 2717 910 2798 plebis.
944 2721 973 2781 et
999 2717 1140 2782 eatraail
1163 2715 1248 2799 [ilios

123 2819 258 2883 illorum
279 2820 336 2900 qui
358 2823 451 2884 mant
472 2819 509 2882 in
530 2819 622 2883 domo
644 2818 778 2902 domini,
801 2840 936 2901 quorum
957 2819 1105 2885 mulieres
1126 2819 1248 2901 officia·

124 2922 312 2987 bantaridi
333 2922 376 2987 ad
397 2920 503 2986 stolas.
536 2925 565 2986 et
586 2921 767 2986 introdusit
789 2943 895 2988 manes
916 2923 1088 2990 sacerdotes
1109 2943 1155 2988 ea*
1167 2923 1250 2989 ciui-

71 3054 108 3094 se
123 3025 247 3091 tatibus
272 3025 359 3090 Indo
385 3028 416 3090 et
443 3025 665 3107 coinquinanit
686 3030 810 3109 sanae,
833 3026 887 3090 ubi
908 3026 1119 3092 incendebant
1145 3045 1249 3092 soceri

123 3130 213 3194 dotes
236 3129 369 3212 Apulae
389 3147 488 3211 usaue
508 3128 546 3192 de
567 3128 707 3209 Roscia,
738 3133 769 3193 et
789 3129 929 3194 detrusit
950 3130 1082 3195 excelsos
1107 3129 1246 3210 illarum,

124 3232 161 3296 et
181 3231 277 3296 infra:
306 3237 336 3298 et
356 3233 578 3315 cunquinauit
599 3231 699 3298 Plem
720 3233 804 3314 quod
831 3236 901 3297 erat
921 3233 959 3298 in
986 3231 1143 3314 Gepenaa,
1172 3252 1250 3314 puo-

124 3336 218 3400 eriam
245 3336 466 3417 perduamunt
498 3337 627 3419 animae
658 3336 765 3418 {ilium
793 3355 887 3400 suum
915 3340 944 3400 et
970 3335 1075 3418 filiam
1096 3355 1189 3400 suam
1210 3336 1247 3398 in

122 3443 200 3522 ipne
221 3437 358 3506 Moloeis.
380 3475 430 3508 ees
454 3444 628 3520 posuerant
654 3459 750 3522 repes
772 3439 859 3504 Iuda
884 3438 945 3504 soli
970 3439 1010 3502 ad
1030 3439 1167 3504 introitu
1188 3438 1245 3503 do·

226 3609 592 3679 memam

177 3787 337 3840 testamur
416 3786 448 3838 10
466 3784 564 3838 scribta
642 3784 674 3837 13
692 3757 806 3838 eluerent
898 3785 931 3838 26
949 3801 966 3838 e
984 3784 1025 3854 (de
1044 3785 1139 3852 Oolcti)
1165 3784 1250 3840 Gabal

121 3890 206 3942 usque
223 3871 356 3927 Bersabee
373 3871 461 3940 sort.,=
473 3870 527 3923 dud
546 3869 647 3940 Γαιβόιλ
664 3869 710 3922 καὶ
727 3871 780 3930 ἕως
797 3871 936 3941 Βηρσαβεέ
952 3871 1040 3925 LXX
1125 3871 1159 3924 29
1175 3887 1250 3939 posu-

123 3959 209 4028 erant]
228 3958 340 4012 abstulit
358 3972 457 4027 quoque
476 3972 555 4026 equos
569 3972 632 4025 quos
644 3955 773 4010 dederant
791 3958 859 4012 coni.
875 3957 969 4025 Goleti,
988 3959 1015 4010 et
1033 3956 1153 4025 deposuit
1171 3973 1249 4026 equos

123 4061 188 4116 quoe
206 4046 349 4113 posuerant
367 4045 437 4098 coni.
457 4043 608 4097 Ootelerius
705 4043 733 4095 in
750 4044 861 4096 introitu
879 4044 970 4112 templi
988 4042 1088 4097 domini
1104 4043 1177 4094 iuxta
1195 4057 1251 4095 exe-

122 4133 199 4185 dram
223 4130 430 4185 Nathanmeleah
453 4128 564 4183 eunuchi
587 4129 630 4198 qui
648 4130 705 4181 erat
723 4129 751 4181 in
769 4127 906 4182 Pharurim
930 4129 1016 4182 Coleti
1039 4143 1073 4182 ea
1091 4127 1195 4196 Sabat,
1214 4127 1247 4182 ab

121 4217 236 4270 introitu
253 4215 344 4270 domus
369 4215 467 4270 domini
490 4214 525 4268 ad
541 4213 736 4283 pastophorium
758 4214 866 4269 Nathan
889 4216 957 4284 regis
975 4213 1085 4267 eunuchi
1109 4212 1164 4280 (ael
1182 4211 1250 4282 quod

121 4303 213 4372 posuit
229 4304 298 4370 regis
317 4302 455 4371 eunuchus)
475 4302 518 4370 qui
536 4301 564 4353 in
581 4298 719 4354 Pharurim
738 4303 793 4369 (nel
810 4300 960 4367 Fornadim)
980 4297 1131 4353 Ootelerina
