3050 5000
329 347 370 414 De
389 375 443 412 non
460 358 592 428 parcendo
610 360 638 413 In
656 359 734 413 deum
751 358 971 429 delinquentibus.
1150 360 1213 425 269

70 547 227 613 dominis
255 545 322 609 suis
351 546 544 611 ‹iintnancia
581 545 658 611 baec
686 544 851 611 subsecuta
873 544 1083 611 estPautunc
1105 550 1213 609 etuas

69 657 107 716 et
135 651 293 717 clamauit
314 649 437 715 cineus:
466 650 502 713 bi
522 650 608 713 serui
630 650 682 715 cici
704 649 816 714 eucetsc'
841 654 917 713 sunt
939 650 994 730 qui
1017 650 1213 733 praedicant

71 755 176 821 uobis
189 755 282 819 uiam
296 752 423 819 salutis.
445 752 501 817 boc
524 757 628 818 autem
648 752 788 835 faciebat
804 772 867 833 per
888 752 1003 817 nultos
1023 752 1109 834 atius,·
1130 750 1214 833 quod

72 877 157 921 cum
178 855 366 921 indoluisset
388 853 504 935 Panto,
527 875 699 921 conuersus
720 856 765 919 aet
786 856 940 937 suintune
962 856 1026 920 ait:
1048 857 1212 937 praecipio

40 962 145 1025 stibi
166 962 204 1025 in
224 960 352 1023 nomine
372 958 449 1023 Iesu
471 958 601 1034 obruti,
633 962 672 1022 ut
691 978 784 1023 neas
807 959 847 1023 ab
869 979 916 1025 ea.
954 963 982 1023 et
1005 960 1084 1023 euc‘It
1105 958 1213 1023 eadem

72 1063 173 1129 nora
195 1063 339 1127 uidentes
361 1065 467 1125 autem
489 1061 614 1125 domini
635 1061 703 1127 eius
724 1061 804 1143 qnia
826 1063 906 1127 cciii
926 1081 995 1144 spes
1018 1063 1139 1127 reditus
1160 1083 1211 1129 eo-

72 1186 158 1229 rum
180 1164 413 1247 woremiam
432 1162 578 1229 Paulum
600 1168 629 1227 et
651 1164 773 1231 Siloam
800 1169 1008 1229 monuerunt
1035 1166 1078 1231 aci
1105 1164 1212 1245 focum

71 1271 125 1335 aa
150 1269 359 1351 maaistrotus
380 1270 411 1331 et
435 1267 617 1331 obtulerunt
644 1287 692 1331 eos
720 1267 874 1333 dicentes:
904 1268 1044 1333 bocniues
1072 1266 1108 1332 bi
1135 1288 1210 1333 cou-

73 1372 215 1437 turbaut
237 1372 400 1436 ciuitatem
422 1375 582 1448 nostram,
614 1391 685 1435 cum
706 1373 775 1437 siut
797 1371 934 1454 Iudaei,
964 1375 992 1437 et
1016 1371 1213 1453 praedIccut

35 1493 57 1530 ιο
70 1480 200 1541 sectam
221 1495 318 1556 quum
340 1494 407 1539 uon
429 1474 499 1539 licet
519 1474 612 1539 nobis
633 1475 774 1557 recipere
795 1494 850 1540 nec
872 1475 986 1559 facere,
1017 1494 1089 1539 cum
1110 1474 1211 1539 sinus

72 1578 236 1643 Romm
259 1583 289 1641 et
309 1577 509 1643 consurrexit
528 1578 683 1641 uniuersa
700 1577 795 1643 turba
810 1577 966 1643 aduersus
980 1596 1040 1661 eos,
1063 1581 1092 1641 et
1106 1578 1211 1659 naai-

70 1686 204 1747 stratus
235 1681 394 1745 tenuatis
421 1680 541 1745 tunicis
568 1699 674 1745 eorum
706 1681 870 1745 iusserunt
899 1698 947 1745 eos
975 1680 1079 1763 uiryis
1111 1680 1210 1745 caedi.

73 1789 108 1849 et
131 1804 205 1850 cum
226 1782 345 1849 inultas
367 1782 412 1847 eis
434 1782 649 1863 inposuissent
666 1782 796 1866 placas,
826 1785 985 1847 miserunt
1006 1801 1055 1847 ecs
1077 1784 1114 1846 in
1136 1803 1210 1847 car·

71 1908 180 1952 ccccm
208 1888 441 1967 praecipientes
473 1886 596 1951 caston
625 1887 762 1951 carceris
790 1886 960 1969 ditiucnteu
989 1905 1119 1951 seruare
1147 1906 1205 1953 eas.

34 2008 60 2047 ιδ
72 1991 138 2072 qui
160 2010 233 2055 cum
255 1990 318 2054 tate
334 1993 542 2071 pracceptum
563 1990 748 2071 accepisset,
772 1990 861 2055 misit
882 2009 931 2055 ecs
953 1990 990 2053 in
1014 1990 1114 2053 ianam
1136 2010 1209 2053 cau-

73 2094 162 2157 ceris
184 2097 214 2157 et
231 2093 325 2173 pedes
346 2091 511 2157 cucumin
533 2104 632 2156 neuen
654 2092 819 2175 conclusit.
843 2093 929 2157 circa
951 2092 1089 2155 inediam
1103 2096 1209 2155 autem

73 2200 202 2261 ecoctam
222 2195 328 2259 Panto
356 2200 386 2259 et
408 2195 499 2261 suec
527 2195 693 2261 maninus
714 2200 746 2261 ct
771 2195 924 2277 bucinum
945 2193 1130 2260 canentibus
1152 2195 1208 2259 deo

73 2299 256 2363 audnbaut
278 2318 329 2363 eos
350 2298 444 2363 ceteri
466 2298 579 2363 uiueti.
611 2303 737 2380 repente
759 2302 866 2365 autem
888 2302 993 2363 terrac
1015 2300 1118 2361 motus
1139 2297 1208 2379 fac-

73 2408 131 2467 tus
152 2406 199 2467 est
220 2420 366 2484 maanus,
388 2401 438 2465 ita
459 2406 495 2465 ut
517 2404 754 2467 concuterentur
776 2400 990 2482 fundamenta
1012 2400 1158 2484 carceris,
1180 2403 1208 2465 et

33 2533 60 2574 io
74 2507 164 2571 ostia
187 2509 300 2586 onena
319 2509 398 2570 sunt
417 2511 446 2570 et
467 2506 577 2570 omnia
598 2505 732 2570 niueuia
746 2505 851 2570 soluta
865 2503 1208 2587 suut-euperoefactus

73 2612 124 2673 est
145 2611 248 2674 custos
269 2608 406 2672 carceris
426 2613 455 2671 et
476 2628 549 2672 cuin
569 2608 703 2672 uidisset
723 2608 807 2672 ostia
833 2606 969 2672 carceris
991 2612 1112 2692 auecta,
1136 2627 1207 2672 oue-

75 2712 140 2774 un't
158 2710 315 2794 andium,
337 2715 373 2774 ut
393 2730 426 2775 se
445 2711 635 2793 inteniceret
648 2710 837 2776 euistiunans
858 2711 975 2794 iuuisse
995 2711 1130 2776 uiuctcs.
1152 2730 1207 2776 eu-

75 2814 236 2878 ctamauc't
263 2818 369 2879 neten
398 2813 526 2878 Paubcs
552 2833 628 2879 uoce
654 2834 776 2898 maana
803 2814 929 2879 dIcens:
961 2813 1011 2878 nit
1040 2813 1098 2877 tibi
1125 2813 1206 2878 mati

74 2917 204 2998 feceiis;
226 2937 332 2982 omnes
354 2919 440 2982 euim
462 2918 515 2982 bic
533 2923 619 2983 sunt
642 2939 702 3000 quo
724 2919 835 2984 audita
858 2922 960 2984 custos
977 2917 1115 2982 carceris
1124 2916 1209 2998 petit

36 3045 62 3085 is
76 3021 188 3084 tuuwn
210 3024 242 3083 et
261 3021 425 3102 inacessas
446 3026 491 3085 est
513 3025 543 3084 ct
564 3026 700 3086 tremens
716 3021 858 3104 procidit
880 3021 923 3086 act
939 3023 1036 3102 pedes
1054 3019 1156 3085 Pauli
1178 3023 1207 3083 ct

78 3122 186 3188 succe
217 3127 247 3186 et
273 3143 346 3188 cum
367 3123 571 3204 moduuc‘ssct
597 3144 646 3188 ecs
673 3124 772 3206 fuas,
800 3124 866 3188 ait:
899 3123 1022 3188 domiui
1050 3122 1127 3204 quid
1157 3141 1205 3186 nce

77 3229 202 3307 oportet
215 3226 328 3306 facere,
352 3230 387 3290 ut
403 3227 514 3292 saluus
536 3227 622 3290 sinu?
644 3231 678 3290 at
692 3227 747 3291 itti
760 3227 928 3292 diueuunt:
950 3227 1038 3290 cuate
1059 3225 1097 3288 in
1111 3224 1206 3288 deum

77 3328 196 3410 Iesum,
219 3333 249 3392 ct
269 3329 383 3394 saluus
403 3329 468 3394 eris
490 3333 527 3393 tu
547 3334 576 3394 et
597 3329 710 3394 domu
730 3334 797 3395 tua.
820 3333 849 3392 ct
871 3328 967 3394 locuti
988 3331 1066 3392 sunt
1086 3327 1116 3390 ei
1131 3347 1205 3391 uer·

77 3431 153 3495 bum
173 3430 298 3494 domim
318 3449 389 3496 cnm
412 3431 559 3496 omnibns
580 3432 635 3512 qui
658 3436 749 3495 aaut
771 3431 808 3494 in
831 3431 921 3496 domo
935 3430 1011 3497 eius.
1035 3434 1064 3494 et
1078 3448 1205 3494 sumens

49 3553 130 3598 ceos
151 3533 225 3614 ipsa
239 3533 327 3598 bora
348 3534 449 3598 noctis
472 3533 556 3598 iuuit
578 3554 600 3598 a
612 3533 730 3618 abacis,
752 3538 784 3598 et
797 3533 977 3616 baptisatus
992 3537 1037 3597 est
1051 3532 1119 3614 ipse
1134 3551 1203 3597 cum

77 3637 225 3702 omuibus
246 3637 325 3702 suis.
361 3640 391 3700 et
412 3636 529 3702 ducens
550 3656 599 3700 eos
620 3637 657 3700 In
679 3637 808 3701 domuin
831 3636 980 3718 adposuit
1002 3654 1152 3714 incusam,
1176 3638 1205 3699 ct

76 3739 269 3821 epulabatur
289 3757 361 3807 cum
382 3739 538 3804 uniuersa
559 3739 650 3803 domo
672 3758 731 3803 sua
751 3739 881 3803 credens
903 3739 940 3802 in
960 3738 1097 3802 domino.

119 3842 269 3906 XXVIII.
293 3842 395 3923 Igitur
415 3842 454 3905 ut
474 3841 529 3906 illo
553 3840 680 3924 spiritus
702 3841 846 3926 pythonis
870 3841 999 3906 audiens
1015 3860 1127 3906 nomen
1144 3839 1203 3904 co-

76 3943 154 4008 mini
176 3946 249 4008 Iesu
274 3943 400 4022 Christi,
422 3962 494 4008 mox
518 3943 673 4027 effugatus
697 3945 746 4009 ost
770 3944 808 4007 de
832 3945 925 4009 domo
941 3964 1007 4022 sua,
1031 3941 1203 4008 concitauit

131 4131 206 4183 lest
224 4145 309 4184 oenc
378 4129 440 4182 iet
457 4145 543 4183 omn
610 4129 760 4183 3n0bisc
830 4129 862 4182 12
881 4129 1005 4198 ‹IIsruptis
1028 4129 1098 4182 cani.
1120 4127 1201 4194 Gaii,

77 4213 194 4268 ffiscissis
212 4215 357 4277 Latinius,
376 4213 485 4268 dissutis
502 4215 570 4281 faut.
650 4214 709 4269 cedi
794 4215 827 4269 20
846 4217 921 4269 ostes
937 4220 1004 4268 nel
1092 4227 1200 4282 experge

78 4299 232 4353 *sessiacum
250 4302 350 4366 (nutem
366 4300 451 4366 eras.)
544 4301 577 4358 22
596 4303 624 4354 et
641 4301 794 4354 existimans
817 4303 853 4368 V,·
872 4303 899 4353 et
916 4315 977 4367 cup.
995 4299 1132 4352 Latinius

79 4385 183 4439 uinctus
201 4403 235 4439 nc.
253 4391 268 4440 1
338 4385 372 4438 32
391 4384 547 4454 epulabatur
564 4388 634 4441 coni.
654 4387 800 4451 Latinius,
820 4384 994 4454 epulabantur
1015 4386 1053 4438 Vn
