3050 5000
262 329 302 394 16
750 331 902 386 Luciferi

304 519 391 586 VIII.
414 520 538 585 Idcirco
563 521 668 586 autem
692 522 775 604 apud
796 523 829 586 te
848 521 920 586 odio
933 521 1123 599 laboramus,
1147 523 1221 603 quia
1234 521 1394 585 fuerimus

259 622 438 687 metuentes
461 623 556 705 atque
580 643 697 701 sumus,
721 643 760 688 ne
782 623 841 688 illa
860 623 995 689 fuissent
1017 624 1104 688 dicta
1126 624 1165 689 de
1191 624 1281 689 nobis
1303 639 1392 705 quae
1502 606 1505 634 ¹

261 725 334 790 sunt
357 724 443 790 diota
466 725 505 790 de
527 725 591 792 illis
613 727 838 804 desertoribus,
860 729 919 792 hoo
943 728 994 792 est
1008 726 1135 791 Iudaeis
1158 746 1236 809 quos
1261 727 1393 790 incusat

261 827 438 894 Hieremias
467 828 591 894 dicens:
626 831 733 896 auido
761 831 893 894 uerbum
924 831 1063 908 domiui,
1097 830 1209 894 domus
1237 831 1334 894 Iacob
1361 835 1393 892 et

262 930 366 994 amuis
388 931 497 994 domm
518 931 633 1000 Israel.
655 932 732 998 haec
754 933 834 998 dicit
855 933 1019 998 domimo:
1040 933 1118 1014 quid
1133 933 1329 997 iauoueruat
1351 933 1391 995 ia
1415 962 1428 1000 ⁵
1503 946 1505 977 ³

261 1052 309 1096 mo
325 1037 437 1115 patros
458 1035 558 1098 uestri
580 1036 802 1117 contumaciae,
825 1037 908 1117 quod
928 1039 1122 1100 recesserunt
1142 1035 1232 1119 tomos
1254 1055 1277 1098 a
1291 1054 1342 1098 mo
1359 1038 1391 1098 et

262 1133 408 1199 abicam
423 1140 500 1217 post
520 1155 728 1222 summosam,
763 1145 792 1203 et
811 1139 964 1220 frustrati
984 1143 1062 1203 saut
1081 1142 1111 1202 ct
1130 1158 1197 1202 mou
1217 1138 1391 1203 immuni:
1504 1179 1505 1189 η

260 1236 315 1301 ubi
348 1242 393 1302 est
425 1240 501 1306 deus
527 1243 583 1322 qui
613 1241 761 1307 liberauit
783 1261 842 1308 uos
861 1242 900 1306 do
921 1247 1007 1306 torro
1028 1241 1172 1324 Aeyypti
1201 1242 1257 1322 qui
1278 1241 1390 1305 adurit
1503 1261 1505 1282 ¹

261 1359 319 1404 uos
334 1340 483 1406 ducatum
498 1343 656 1424 praebeas
677 1346 713 1408 iu
734 1346 854 1410 desorto
874 1345 912 1409 iu
934 1349 1021 1408 terro
1042 1344 1169 1409 inruho
1189 1348 1219 1408 ct
1231 1346 1344 1427 iouota
1359 1351 1389 1408 ct

204 1433 210 1456 '
261 1443 298 1506 iu
320 1447 407 1508 terra
427 1445 497 1509 siue
519 1467 605 1528 aqua
626 1451 654 1512 ot
675 1448 743 1513 siue
763 1448 880 1530 fructu,
903 1448 941 1510 ia
955 1453 1042 1512 terro
1062 1448 1100 1511 ia
1124 1467 1191 1528 qua
1204 1468 1292 1512 uemo
1307 1469 1386 1512 com·
1404 1477 1426 1514 a
1503 1456 1505 1523 ἶ

262 1547 379 1610 mcouit
401 1548 465 1633 uir,
488 1567 585 1629 aeque
606 1554 814 1615 commoratus
828 1554 874 1616 ost
889 1550 932 1614 idi
945 1550 1035 1632 filius
1048 1549 1195 1628 homimis,
1215 1555 1244 1614 at
1257 1551 1391 1615 sudauit

261 1666 316 1712 uos
338 1650 374 1712 iu
398 1649 588 1727 Carmelum,
611 1656 648 1716 ut
667 1653 904 1718 manducaretis
924 1652 1066 1735 fructum
1086 1654 1154 1717 eius
1168 1657 1199 1718 ot
1211 1654 1295 1717 boma
1308 1655 1388 1731 eius,
1503 1648 1504 1669 ¹

261 1755 292 1814 ot
323 1752 470 1818 intrastis
503 1757 533 1816 st
563 1755 794 1836 coinquinastis
825 1760 958 1838 terram,
990 1760 1019 1820 et
1051 1755 1252 1820 hereditatam
1284 1775 1390 1820 msam

259 1857 413 1936 posuistis
433 1858 471 1922 iu
499 1859 808 1939 exterminationem
839 1861 1013 1924 sacerdotes
1039 1878 1106 1922 moa
1133 1859 1301 1924 diaeruut:
1330 1857 1390 1922 ubi

262 1963 308 2024 est
328 1960 486 2038 domiuus,
508 1965 536 2024 ot
557 1962 694 2026 seniores
716 1961 795 2044 louis
816 1981 903 2027 mooe
916 1961 1097 2026 uesciomut
1117 1981 1175 2044 uso,
1198 1964 1230 2025 ot
1238 1965 1389 2041 pastores
1403 1989 1428 2028 ιε,

262 2064 361 2146 impie
382 2068 512 2146 comunt
532 2065 569 2128 ia
590 2085 648 2146 me,
677 2069 705 2128 ct
731 2063 901 2146 prophetae
925 2062 1199 2144 propldoucmmt
1225 2064 1263 2126 im
1282 2062 1389 2140 Baal,

263 2170 389 2249 etpost
416 2168 552 2232 inutilia
577 2167 734 2232 abierunt.
778 2165 939 2230 noluimus
965 2167 1044 2230 haee
1074 2165 1183 2230 audire
1210 2165 1389 2247 opprobria,

218 2333 221 2344 ,
261 2269 344 2334 undo
368 2270 400 2334 et
421 2270 604 2353 fugiendum
627 2269 762 2334 diximus
783 2270 817 2332 te
839 2287 876 2332 ao
891 2269 973 2334 tuos.
1004 2286 1106 2350 nequo
1122 2268 1204 2332 enim
1219 2268 1390 2332 conuenire

261 2373 385 2454 poterat
414 2373 466 2437 dei
495 2372 676 2437 domesticis
703 2371 867 2436 uobiscum
895 2371 1088 2453 alienigenis,
1118 2389 1189 2435 oum
1221 2371 1390 2434 uideamus

264 2473 383 2539 dictum
407 2493 425 2539 a
451 2474 509 2540 deo
533 2473 711 2557 conperfido
732 2474 788 2538 tuo
809 2474 858 2538 illi
871 2474 986 2557 populo
1001 2473 1136 2539 cunali:
1158 2478 1264 2539 auerte
1277 2475 1428 2556 petuma

263 2582 353 2653 tuum
384 2580 423 2641 ab
450 2598 565 2661 aspera
602 2581 660 2643 uia
689 2584 717 2642 ot
745 2581 869 2663 faucem
897 2582 988 2644 tuam
1015 2598 1038 2641 a
1065 2579 1129 2644 siti.
1174 2598 1255 2659 quae
1282 2582 1390 2641 autom

264 2680 365 2744 dixit:
398 2681 605 2763 confortabor,
637 2683 715 2762 quia
740 2680 854 2747 ditarit
880 2685 1000 2747 cutcros
1027 2683 1057 2745 et
1078 2685 1153 2762 post
1174 2679 1246 2743 illos
1267 2680 1387 2746 obibat.

262 2781 335 2863 post
355 2800 413 2847 uos
437 2800 510 2866 ergo
534 2784 666 2861 exteros,
688 2785 767 2865 post,
780 2801 838 2848 nos
861 2782 1027 2865 allophilos
1049 2800 1110 2846 non
1133 2781 1234 2847 solum
1256 2800 1317 2846 non
1339 2781 1388 2845 ire

265 2884 431 2963 noluimus,
455 2885 511 2951 sed
535 2887 567 2949 et
589 2885 755 2951 anathema
784 2886 876 2951 nobis
903 2885 978 2951 tiliis
1004 2884 1205 2967 pestilentiae
1234 2902 1270 2948 ac
1293 2884 1388 2947 tene-

263 2988 390 3052 bramm
413 2987 558 3065 diximus,
580 3007 619 3053 ne
635 2989 661 3054 si
677 2989 919 3054 recessissemus
935 2989 973 3055 ab
990 2986 1163 3069 apostoliea
1180 2987 1275 3069 atque
1291 3005 1389 3050 enan·
1403 3014 1430 3054 2⁵

263 3088 367 3171 gelica
388 3088 450 3155 fide
466 3089 817 3173 derelinqueremusque
835 3091 921 3154 niam
936 3109 1030 3172 quam
1044 3089 1213 3155 tenuerunt
1227 3090 1388 3153 Abraham

263 3192 353 3256 Isaac
383 3192 415 3255 et
440 3193 537 3257 Iacob
564 3193 748 3273 beatissimi,
783 3193 865 3259 Abel
891 3194 999 3258 Ilnooh
1024 3192 1093 3257 Noe
1122 3192 1155 3257 et
1182 3192 1287 3257 cuncti
1314 3210 1387 3276 pro-

262 3294 377 3375 phetae
401 3294 532 3376 apostoli
555 3297 650 3377 atque
671 3297 835 3380 martyres,
863 3298 941 3361 haee
971 3296 1068 3363 etiam
1099 3295 1185 3359 dicta
1210 3294 1387 3359 luissenta

265 3395 323 3460 deo
348 3395 386 3460 de
408 3398 507 3475 nobis,
531 3416 611 3479 qnae
635 3399 720 3463 dieta
742 3400 815 3463 sunt
837 3399 877 3463 de
898 3398 1149 3481 conblasphomis
1161 3398 1227 3461 tuis
1240 3396 1385 3463 Iudaeis:

265 3500 525 3579 quemadmodum
548 3502 755 3583 comfuuditur
776 3504 843 3584 fur,
865 3523 936 3566 oum
957 3500 1187 3583 comprehensus
1207 3502 1316 3582 fucrit,
1339 3501 1385 3564 sio
1398 3522 1428 3563 so

264 3600 501 3681 confundentur
528 3602 592 3684 ulti
618 3602 724 3667 Israel
751 3605 818 3685 ipsi
844 3608 873 3667 ct
904 3624 989 3687 reyes
1020 3624 1127 3669 corum
1160 3609 1188 3667 et
1215 3604 1384 3685 principos

264 3704 407 3784 ipsorum
436 3710 464 3768 ct
486 3705 659 3769 sacerdotes
688 3707 830 3787 ipsorum
856 3710 886 3769 et
908 3707 1090 3789 prophetoe.
1136 3704 1292 3771 noluimus
1315 3724 1384 3770 esse

363 3906 380 3959 4
398 3906 468 3962 Hier.
487 3908 512 3971 2,
530 3908 599 3961 I-s
666 3909 700 3960 oo
716 3907 753 3963 a.
770 3909 796 3972 2,
814 3908 847 3961 as
916 3907 950 3961 so
966 3908 1003 3963 n.
1021 3889 1052 3972 a,'
1064 3909 1098 3963 ae

316 4078 413 4145 laput
481 4077 605 4145 8egypti
623 4083 649 4130 ot
666 4078 725 4143 fere
742 4093 847 4145 semper
916 4078 949 4130 10
969 4093 1070 4146 quamv
1138 4078 1319 4132 commutauit

265 4164 298 4216 13
311 4164 517 4232 quoinquinastis
579 4164 611 4217 16
622 4164 717 4231 impiae
777 4163 859 4217 bahal
920 4163 952 4217 18
964 4163 1083 4217 duximus
1095 4164 1165 4219 corui.
1178 4163 1318 4219 Latinius

263 4247 297 4301 20
310 4248 459 4317 conperfido
471 4251 517 4302 tuo
530 4250 640 4318 scripsi,
652 4248 813 4318 couperlidet
823 4264 857 4302 no
873 4251 904 4313 V,
917 4265 975 4303 oum
985 4249 1085 4318 perfido
1097 4251 1143 4302 tuo
1156 4267 1173 4303 o
1241 4249 1317 4303 illou
