3050 5000
460 387 501 440 De
520 387 612 440 saneto
630 384 778 439 Athanasio
797 383 864 439 liber
880 385 900 439 I.
1206 385 1248 450 67

119 574 280 640 addeum
310 595 329 639 a
355 575 444 641 nobis
470 575 509 639 de
531 575 574 654 te,
609 575 765 659 quomodo
794 574 890 639 fuerit
919 575 1038 640 dietum
1068 576 1107 641 de
1136 576 1249 660 refuga

118 680 174 744 illo
198 680 311 763 angelo
339 699 467 762 serpens
486 681 590 745 snosit
610 700 678 746 me:
702 678 908 746 Constantius
930 680 1105 761 imperator
1121 681 1247 746 seducit

118 803 197 864 nos,
218 783 411 848 credidimus
431 783 461 847 ei
483 802 554 847 enm
576 782 729 846 arbitrati
750 782 850 864 fnisse
872 781 1038 848 hominem.
1061 800 1121 846 non
1137 782 1246 848 uidere

119 886 260 967 potuisti,
285 886 359 968 quia
380 885 482 968 possis
503 885 562 949 tali
577 885 700 967 percuti
724 885 776 949 dei
790 883 983 968 indignantis
1007 885 1163 950 sententis
1185 903 1248 967 qua

92 1007 290 1069 spereussus
312 989 439 1053 uidetur
463 989 495 1052 et
518 993 668 1072 serpens?
690 989 743 1053 cni
763 988 894 1053 dieitur:
917 988 995 1070 qnia
1010 989 1164 1070 infecisti
1181 987 1246 1070 loc,
1360 1015 1362 1024 ·

119 1092 308 1156 maledictus
339 1096 374 1156 tn
406 1092 446 1156 ot
475 1091 617 1156 omnibns
643 1091 819 1173 penedos
847 1095 875 1155 et
903 1092 942 1155 ot
970 1090 1114 1156 omnibus
1141 1089 1248 1156 bestiis

119 1197 232 1272 terroe,
256 1215 337 1276 quoe
358 1199 435 1260 sunt
450 1214 547 1276 saepen
562 1197 698 1274 terram·
719 1213 816 1275 snper
828 1197 940 1274 pectus
956 1197 986 1258 et
999 1197 1140 1258 uentrem
1156 1198 1245 1258 tunm

120 1316 209 1378 repes
230 1302 259 1361 ct
281 1301 402 1363 terrmn
416 1298 486 1363 edes
500 1297 644 1362 omnibns
662 1298 769 1362 dicim
784 1297 872 1362 uitae
886 1301 969 1361 inme.
994 1300 1024 1361 et
1036 1296 1246 1361 inimicitiam

116 1419 239 1480 ponam
261 1400 345 1465 inter
359 1405 389 1466 te
403 1406 433 1465 et
448 1400 613 1465 mulierem
628 1405 658 1465 et
671 1402 755 1465 inter
770 1419 874 1465 semen
897 1404 987 1464 tumn
1002 1402 1031 1464 et
1044 1401 1130 1465 inter
1143 1419 1247 1465 semen

78 1504 201 1583 10eins3
230 1504 302 1585 ipse
322 1509 415 1568 tunm
436 1504 617 1569 obsecrabit
639 1508 744 1585 capnt,
776 1507 805 1567 et
826 1508 863 1567 tn
885 1504 953 1568 eius
975 1502 1154 1569 obseruatis
1177 1504 1245 1568 cei·

122 1625 266 1672 coneum.
289 1626 350 1671 non
373 1607 419 1670 ita
443 1607 475 1671 et
496 1607 529 1670 te
554 1607 605 1672 dei
628 1607 778 1672 offensam
793 1607 952 1670 incurrere
967 1606 1118 1689 potuisse,
1142 1610 1178 1672 ιιι
1191 1608 1247 1672 ille

120 1711 330 1776 intumuerit
353 1711 494 1794 angelus,
526 1731 563 1775 ex
590 1712 650 1775 hae
678 1729 742 1775 una
770 1710 928 1776 sententia
952 1709 1070 1774 domini
1094 1711 1247 1776 debueras

120 1813 291 1893 reminisci,
314 1815 499 1897 praesertim
522 1834 594 1879 oum
610 1833 818 1898 cognosceres
840 1815 930 1879 tuum
947 1814 1042 1878 etism
1058 1833 1135 1896 opus
1151 1814 1247 1880 fuisse

122 1917 356 1998 serpentinum?
387 1937 425 1981 an
448 1936 521 1982 oum
542 1918 597 1983 ille
620 1937 748 2000 serpens
771 1917 866 1982 fuerit
880 1918 982 1982 faetus
1005 1937 1041 1983 ex
1058 1918 1188 2001 angelis,
1211 1919 1248 1981 tu

79 2040 107 2080 ιι
123 2039 161 2083 er
171 2019 349 2085 hominibus
361 2022 583 2103 serpentemte
598 2021 667 2085 lieri
681 2021 822 2103 potuisse
835 2039 869 2085 es
887 2021 1080 2086 arbitratus?
1102 2021 1246 2096 minime3

122 2121 180 2186 sed
204 2123 292 2187 dicas
315 2122 421 2201 uelim,
446 2124 522 2206 qnid
542 2123 670 2188 intersit
688 2124 772 2187 inter
794 2124 885 2187 tuum
909 2124 1001 2206 atque
1024 2124 1118 2188 huius
1143 2123 1247 2206 angeli

120 2225 250 2308 refugae
285 2227 447 2308 apostatae
481 2226 611 2292 iactum.
657 2227 683 2291 si
716 2227 771 2291 ille
801 2227 965 2292 mendacio
995 2227 1120 2292 seduxit
1148 2227 1246 2292 rudes

122 2329 273 2407 homines,
298 2330 330 2392 et
344 2330 389 2407 tu,
410 2331 443 2393 et
458 2329 585 2411 quidem
600 2330 635 2393 tu
658 2348 718 2394 non
733 2329 844 2404 rudes;
869 2329 896 2394 si
911 2329 965 2394 ille
981 2329 1128 2394 utilitatis
1144 2329 1248 2412 gratia

123 2432 165 2498 ad
187 2432 306 2498 arboris
330 2451 438 2498 eorum
458 2432 569 2496 inlexit
589 2433 711 2498 mentes
733 2432 855 2499 metus
872 2432 1020 2512 edendos,
1046 2434 1077 2498 et
1091 2433 1136 2513 tu,
1159 2433 1248 2518 pacis

77 2552 108 2593 ae
121 2554 220 2600 causa
240 2536 274 2599 te
296 2536 400 2600 faeere
420 2555 491 2600 oum
517 2536 717 2603 adstruxeris.

164 2640 206 2702 ll.
231 2638 373 2721 Cumque
389 2639 527 2704 omnium
542 2639 791 2705 Christianorum
806 2641 887 2705 bono
902 2640 934 2703 te
957 2640 1016 2704 hoe
1033 2658 1110 2722 opus
1133 2639 1249 2705 dixeris

123 2739 319 2822 adgressum,
336 2742 445 2825 utique
458 2742 602 2824 inspecta
623 2743 790 2824 operatua
805 2742 898 2807 datur
912 2742 1055 2825 intellegi
1072 2743 1250 2825 serpentem

121 2843 155 2906 te
178 2844 269 2908 illum
292 2862 361 2909 esse
384 2844 553 2911 imitatum.
593 2845 724 2926 cupiens
747 2844 798 2910 dei
814 2845 1034 2910 mandatorum
1057 2844 1127 2909 fieri
1141 2845 1248 2910 trans·

122 2962 295 3028 gressuros,
320 2947 436 3012 dedisti
457 2948 630 3029 praecepta
658 2947 872 3011 damnandum
897 2966 965 3013 esse
988 2948 1166 3012 inauditum
1190 2948 1248 3011 ab·

77 3050 246 3113 essentem
269 3050 508 3133 negandamque
533 3050 727 3116 audientiam
748 3069 883 3134 purgare
899 3052 991 3133 posse
1008 3070 1042 3117 se
1061 3051 1099 3117 de
1116 3051 1246 3115 ommino

124 3152 248 3218 obiecto
270 3153 486 3235 proclamanti.
532 3154 615 3220 Abel
635 3153 824 3218 interficitur
850 3154 955 3219 iustus
984 3155 1015 3217 et
1036 3153 1248 3235 interrogatus

125 3254 204 3320 Cain
233 3256 329 3320 sumit
351 3257 556 3331 sententiam
593 3257 625 3321 et
651 3258 687 3321 tu
717 3257 835 3321 domini
862 3256 1039 3321 inauditum
1068 3255 1117 3321 uis
1146 3256 1249 3338 puniri

124 3358 345 3425 sacerdotem?
367 3359 473 3440 foetis
488 3365 540 3440 est,
554 3360 666 3442 inquit,
682 3360 763 3425 Abel
778 3364 891 3443 poster
908 3361 1026 3440 osirim,
1045 3360 1127 3424 dein
1143 3364 1248 3423 eutem

124 3466 195 3527 eret
216 3481 353 3543 opereris
374 3466 503 3529 terram.
527 3462 700 3543 etfaciam
722 3467 778 3544 est,
797 3467 871 3545 post
893 3460 1249 3528 insensatissime

81 3582 111 3623 so
124 3565 234 3646 fructu
256 3570 360 3630 terroe
381 3566 577 3648 sacrificinm
600 3565 737 3649 domino,
768 3570 797 3631 et
818 3564 897 3631 Abel
923 3563 1033 3630 obtulit
1060 3568 1090 3630 et
1117 3565 1183 3646 ipse
1212 3564 1251 3629 de

122 3666 281 3748 primitiis
302 3668 410 3733 eninm
431 3687 575 3753 suornm,
598 3672 627 3733 et
647 3668 785 3751 respecti
807 3668 881 3733 dens
902 3687 997 3749 snper
1012 3666 1091 3733 Abel
1114 3672 1142 3733 et
1156 3686 1252 3749 snper

227 3819 327 3875 soen.
345 3820 371 3885 a,
391 3820 431 3876 14.
451 3821 482 3875 rs
551 3820 586 3874 es
602 3821 639 3877 ιι.
657 3822 681 3890 4,
700 3821 767 3874 aa

178 3922 305 4012 Iridenm
323 3958 343 4029 ι(1
360 3977 393 4015 m.
407 3963 437 4028 2)
507 3959 621 4015 fnersto
690 3959 839 4015 3nonneo
909 3961 981 4031 iqui
1049 3961 1082 4014 10
1102 3960 1252 4014 obseruauit

123 4078 140 4115 v
224 4061 254 4114 11
273 4078 393 4117 nonnae
474 4064 694 4122 reuomente
777 4064 808 4119 15
826 4066 854 4119 a
872 4080 893 4119 e.
913 4064 928 4119 ι.
948 4066 1020 4119 ma
1103 4063 1135 4117 19
1153 4036 1252 4117 susis

123 4146 257 4200 sedendas
371 4149 458 4203 uerbo
477 4151 504 4203 et
521 4152 552 4203 tn
568 4150 641 4219 pasis
658 4180 692 4189 -
711 4152 851 4205 astruxeris
870 4151 1080 4223 oonnmymetur
1097 4151 1182 4221 mulge

122 4220 160 4285 20
177 4234 245 4303 oum]
264 4235 302 4288 eis
320 4236 386 4290 add.
409 4237 437 4291 V
449 4252 470 4292 s.
490 4236 506 4291 l.
525 4254 559 4292 m.
577 4253 629 4293 rec.
648 4243 709 4293 cto
795 4237 829 4291 23
847 4238 960 4307 cupiens]
980 4254 1027 4292 uos
1046 4237 1113 4292 odd.
1135 4236 1253 4292 Gatian-

125 4321 193 4375 dins
263 4321 296 4375 26
314 4322 536 4391 proclamatumo

1118 4424 1151 4477 5¹1¹
