3050 5000
412 412 578 468 Moricndurn
595 428 654 466 csse
670 428 717 480 pro
736 409 779 464 dei
797 410 860 465 filio.
1136 408 1199 475 299

75 605 222 670 omnbus
244 624 324 687 quae
345 604 493 669 retribuit
513 602 623 668 mibi?
659 601 789 667 calicem
812 600 969 665 salutaris
991 599 1150 681 accipiam
1172 604 1202 665 ct

74 729 192 774 pomer
222 708 344 772 domim
371 706 533 772 iauocabo.
568 706 709 788 pretiosa
730 705 768 769 ia
790 707 952 785 conspectu
973 703 1202 768 coaluimus

74 817 260 877 sanctourm
289 812 365 889 cius,
405 810 452 874 et:
481 810 555 891 puis
583 828 640 873 uos
668 808 831 889 separabit
851 828 873 872 a
894 807 1028 873 caritate
1052 805 1201 874 obiisti?

76 914 243 980 tribulatio
271 934 316 978 aa
344 914 496 997 aapustia
528 933 574 977 aa
599 913 772 995 persecutio
800 933 845 977 aa
872 912 974 994 fames
1001 932 1047 977 aa
1068 911 1202 977 audias

46 1024 136 1082 ⁵aa'
148 1016 328 1100 periculum
356 1039 401 1081 aa
427 1016 581 1099 plautius?
609 1017 691 1081 sicat
712 1017 866 1096 scriptum
887 1020 951 1081 cst.-
978 1016 1055 1097 quc'a
1073 1020 1203 1097 propter
1251 1072 1255 1079 .

75 1126 107 1185 te
122 1126 217 1185 morte
232 1121 420 1202 alfiaumur
433 1125 498 1185 tota
512 1121 572 1205 die,
589 1121 751 1185 aestimati
767 1140 877 1188 sumus
891 1124 928 1184 ut
942 1139 1012 1186 oues
1028 1121 1202 1201 occisionis,

74 1226 134 1290 sed
155 1226 192 1288 ia
213 1224 263 1288 aa
285 1223 429 1288 omuibus
450 1244 638 1305 superamus
654 1228 787 1305 propter
808 1244 878 1288 eam
901 1225 956 1305 qul
977 1224 1091 1288 dilexit
1113 1244 1180 1289 aas.

123 1328 194 1392 VII.
219 1327 302 1408 Quid
324 1346 381 1392 nos
401 1326 492 1389 tuum
514 1306 614 1407 possit
637 1327 676 1389 ab
700 1325 749 1389 his
767 1324 888 1389 auferre
904 1325 1094 1391 salutaribus
1109 1342 1202 1407 prae-

77 1430 182 1511 ceptis
203 1448 331 1511 prorsus
353 1427 462 1492 uidere
484 1446 545 1491 non
567 1427 668 1491 ualeo.
706 1446 780 1491 nam
810 1427 842 1492 et
869 1426 945 1491 licet
973 1447 1025 1492 eos
1054 1427 1107 1510 qui
1128 1429 1203 1493 tuae

36 1550 63 1588 10
77 1531 231 1615 prauitati
260 1532 459 1596 consentiunt
482 1531 522 1595 ad
545 1551 601 1596 nos
622 1531 809 1596 inliciendos
834 1532 970 1597 leuando
995 1533 1078 1597 omni
1101 1532 1204 1597 officio

77 1636 137 1699 tuo
160 1653 220 1699 non
243 1635 368 1699 desinas
391 1636 496 1717 impio,
519 1637 555 1699 ut
577 1634 756 1717 Epictetum
781 1636 813 1699 et
834 1635 966 1713 ceteros,
991 1655 1069 1718 quos
1093 1655 1129 1700 ex
1153 1635 1207 1699 dei

79 1738 184 1802 seruis
205 1739 278 1802 tuos
302 1756 371 1802 esso
394 1755 430 1801 ae
452 1738 552 1819 patris
573 1738 621 1801 tui
650 1738 805 1803 satellites
832 1739 953 1816 fecisti,
987 1741 1094 1803 tamen
1124 1738 1206 1804 absit

80 1859 101 1904 a
126 1840 215 1905 nobis
235 1841 313 1904 haee
339 1840 491 1918 amentia,
525 1840 561 1904 ut
582 1839 698 1905 falsum
720 1860 795 1906 uero
820 1843 1043 1924 anteponamus
1067 1842 1122 1906 aut
1146 1839 1205 1905 ali-

80 1962 148 2025 qua
174 1962 230 2008 nos
259 1942 365 2007 oblata
393 1962 449 2025 per
478 1944 510 2006 te
540 1942 676 2008 felicitas
705 1944 826 2008 inliciat
858 1945 946 2027 regni
980 1946 1036 2011 tui.
1080 1945 1207 2009 inanem

38 2074 66 2113 15
80 2046 217 2128 gloriam
244 2045 369 2110 tibimet
391 2065 484 2109 serua
506 2064 692 2129 omnemque
716 2046 912 2111 stolidissimi
934 2048 1038 2113 cordis
1060 2048 1115 2112 tui·
1130 2067 1206 2130 pru-

82 2149 223 2213 dentiam
244 2149 370 2213 tibimet
390 2149 489 2212 retine
513 2149 545 2212 et
573 2149 771 2230 comparibus
792 2150 856 2213 tuis
891 2150 1002 2232 quibus
1024 2151 1057 2214 to
1085 2168 1208 2215 morum

81 2253 243 2317 coniunxit
265 2252 453 2326 similitnd03
482 2252 624 2335 relinque
646 2252 735 2316 nobis
758 2253 927 2317 stultitiam
950 2254 1105 2331 nostram,
1135 2270 1207 2317 oum

81 2376 143 2420 nos
166 2356 325 2421 Christum
349 2355 400 2420 dei
421 2355 522 2420 filium
544 2374 655 2420 nerum
679 2374 747 2420 esse
777 2355 878 2420 filium
907 2355 1105 2434 confitemur,
1136 2372 1208 2419 cum

83 2459 221 2524 eundem
242 2460 334 2524 unius
358 2478 427 2524 esse
450 2458 644 2526 substantiae
667 2476 740 2523 cum
758 2458 855 2541 patre
886 2458 1099 2537 defendimus,
1136 2476 1208 2523 cum

41 2587 69 2629 so
83 2583 144 2628 nos
165 2564 290 2646 propter
313 2583 401 2641 enm,
425 2583 463 2627 ne
487 2565 554 2628 eius
578 2562 775 2627 diuinitatem
798 2581 964 2646 negemus,
991 2563 1127 2628 interfici
1150 2581 1209 2626 cu·

81 2685 161 2750 pere
183 2667 379 2749 profitemur3
402 2666 544 2748 relinque
566 2666 656 2730 nobis
678 2666 857 2730 huiusmodi
880 2667 1056 2731 stultitiam.
1081 2666 1157 2749 quid
1174 2665 1210 2728 ut

84 2773 168 2834 hanc
192 2769 373 2834 amittamus
397 2770 454 2834 das
477 2774 626 2851 operam?
649 2769 724 2851 quid
745 2769 980 2852 inpugnandam
1002 2768 1095 2851 putas
1118 2786 1210 2851 posse

86 2893 106 2936 a
129 2872 367 2950 teneritatem,
406 2873 552 2955 ignorans
576 2873 660 2955 quod
682 2874 715 2937 ui
737 2892 796 2937 sua
818 2873 946 2937 ualeat?
982 2873 1065 2936 unde
1095 2872 1210 2938 etenim

85 2976 198 3040 contra
219 2974 363 3040 fremitus
384 2977 507 3040 amoces
531 2993 719 3058 asperosque
741 2977 813 3040 tuos
836 2977 994 3040 cruciatus
1008 2975 1128 3040 inuicta
1144 2975 1210 3038 uir-

45 3103 72 3142 is
85 3081 158 3143 tute
186 3079 335 3161 populum
364 3079 415 3143 dei
444 3079 598 3162 conspicis
626 3079 835 3156 resistentem,
873 3079 933 3142 nisi
962 3079 1036 3160 quia
1062 3080 1141 3142 haec
1171 3075 1212 3140 sit

87 3201 185 3264 quam
208 3181 402 3246 defendimus
426 3183 599 3265 apostoliea
622 3183 715 3265 atque
739 3182 923 3264 euangelica
945 3181 1046 3246 fides?
1074 3181 1108 3246 hi
1129 3179 1211 3244 resi-

88 3287 178 3349 stunt
198 3286 273 3349 tuae
302 3285 497 3363 crudelitati,
527 3287 559 3350 hi
580 3288 670 3350 tuam
693 3286 818 3350 calcant
842 3285 962 3349 rabiem
986 3303 1117 3366 quorum
1140 3301 1212 3365 spos

89 3388 237 3453 aeternae
260 3387 505 3453 immortalitatis
529 3389 561 3453 et
583 3389 650 3453 uita
671 3388 819 3452 caelestis
843 3388 891 3451 est
910 3405 1103 3468 quorumque
1120 3387 1212 3451 ardor

87 3493 122 3556 in
146 3491 330 3573 cupidinem
346 3493 516 3574 perpetuae
538 3492 619 3556 lucis
644 3491 826 3556 accenditur
850 3492 881 3555 et
903 3490 988 3556 salus
1006 3491 1044 3554 de
1059 3489 1214 3572 promissa

48 3594 229 3660 solaetatur
255 3595 459 3662 beatitudine.
499 3594 578 3659 adeo
605 3613 740 3677 namque
769 3595 872 3660 securi
901 3595 942 3658 ad
971 3595 1130 3659 aeternam
1158 3611 1213 3658 nos
1282 3637 1284 3641 -

89 3697 313 3781 perfruendam
334 3698 436 3764 uitam
457 3699 662 3780 peruenturos
686 3697 822 3762 scientes
845 3697 950 3762 omnia
964 3697 1126 3780 gratanter
1140 3715 1213 3779 per-

196 3939 212 3989 3
230 3937 303 3993 Rom.
322 3938 347 4000 8,
361 3937 463 3990 35-37
531 3937 565 3990 27
584 3937 662 4006 (lypr.
681 3953 740 4005 app.
757 3935 796 3989 111
814 3936 855 4000 37,
874 3935 891 3989 8
909 3953 947 4005 sq.

145 4142 258 4196 ttamis
344 4143 541 4196 ballicimuro
627 4142 774 4198 diutimati
861 4143 893 4198 10
911 4143 1043 4210 prauitate
1130 4141 1163 4194 m
1180 4140 1219 4196 in·

93 4232 176 4284 liccat
263 4232 295 4285 17
314 4232 463 4284 coniuncrit
544 4231 579 4283 20
597 4247 717 4299 cuperes*
798 4231 831 4284 23
848 4232 875 4284 ui
892 4248 917 4298 c,
935 4229 963 4280 in
985 4229 1011 4282 V
1093 4225 1218 4280 diciaci·

91 4355 152 4406 atos
220 4353 254 4405 26
271 4323 380 4405 resistit
