3050 5000
473 341 515 394 De
533 344 624 395 sancto
643 341 791 396 Athanasio
809 339 877 395 liber
893 341 913 396 1.
1220 343 1263 407 99

129 534 278 598 animam
299 533 399 596 maias
426 553 465 597 ea
491 531 569 597 illis.
615 532 672 596 sed
701 531 777 614 qaid
807 531 896 599 audit
922 533 1032 598 Helias
1062 534 1161 607 adeo
1190 535 1262 618 post

131 638 343 721 qnamaginta
366 637 488 701 dierum
511 654 547 699 ac
570 637 710 702 noctium
732 637 928 704 celebratum
950 638 1122 706 ieiunium?
1149 659 1261 722 nempe

131 745 168 808 ut
189 743 345 826 ungueret
371 759 475 824 reges,
503 760 558 823 per
588 759 666 823 qnos
689 741 798 806 Achab
829 742 860 806 et
889 742 966 808 socii
996 742 1259 826 extinguerentur.

133 847 181 911 est
204 865 276 910 curn
298 845 394 910 Helia
416 843 636 909 misericordia
658 843 720 921 dei,
752 845 917 927 cognoscit
936 845 1048 912 Helias
1073 845 1162 929 diligi
1186 863 1219 912 se
1243 865 1261 912 s

103 950 208 1024 odem
243 950 353 1015 contra
379 947 489 1013 hchah
518 947 633 1013 Heliae
659 949 843 1029 persecutor
872 949 919 1013 ita
948 950 997 1014 est
1022 948 1129 1026 miser,
1163 950 1200 1013 ut
1229 949 1260 1014 in

133 1053 252 1118 diaboli
273 1070 397 1134 semper
418 1051 577 1133 potestate
598 1049 704 1115 brerit.
750 1051 796 1116 sic
820 1051 1029 1116 Athanasium
1051 1051 1134 1118 iuste
1157 1036 1260 1133 puniri

130 1155 300 1234 mandasti,
325 1154 481 1237 quomodo
505 1153 538 1218 et
551 1153 679 1219 Iezabel
693 1154 896 1220 Nabuthoum
919 1155 1134 1230 Iezraehtem3
1158 1154 1202 1220 sic
1225 1155 1259 1218 ta

130 1277 225 1323 ueros
247 1258 347 1323 testes
369 1257 545 1340 produxisti
560 1257 671 1322 contra
685 1256 904 1336 Athanasium,
929 1257 964 1321 ut
986 1257 1034 1322 illi
1048 1257 1265 1340 produxerant

133 1362 176 1426 ad
198 1379 277 1444 qnos
292 1361 464 1443 scripserat
477 1360 604 1427 Israhel
619 1359 743 1425 dicens:
768 1361 907 1426 ieiaaate
922 1361 1090 1447 ieiaaiam,
1114 1366 1143 1426 et
1157 1362 1263 1428 sedeat

93 1475 117 1514 ¹⁰
132 1465 318 1530 Nabatheas
339 1465 377 1528 ia
393 1465 504 1544 primo
521 1465 655 1546 papale,
677 1468 706 1528 et
727 1463 885 1529 conlocate
897 1465 975 1530 daos
993 1466 1081 1529 airas
1094 1465 1178 1548 filios
1192 1465 1261 1529 iei-

131 1590 266 1652 pacorum
300 1573 412 1634 caetra
445 1587 531 1643 eam,
566 1572 594 1632 et
626 1572 781 1632 testantem
813 1568 970 1632 adaersas
1004 1588 1074 1634 eam
1107 1568 1260 1634 dicentes:

130 1672 329 1737 mabediairti
350 1672 516 1736 dominam
537 1675 566 1735 et
587 1691 699 1757 repam,
723 1675 753 1734 et
772 1671 917 1738 deducite
939 1691 1018 1750 eum
1048 1675 1076 1736 et
1098 1671 1262 1752 lapidetur

130 1780 160 1840 et
181 1776 349 1839 moriatur.

174 1878 311 1943 XVIIII.
337 1876 429 1941 Talia
450 1876 523 1940 sunt
546 1893 642 1957 opera
663 1895 743 1940 nunc
760 1876 868 1942 uestra
884 1874 1095 1942 Atrianorum.
1119 1897 1190 1942 reos
1205 1896 1262 1944 nos

93 2003 117 2044 a
132 1982 249 2060 dicitis,
272 1979 435 2063 inpingitis
457 1978 560 2044 multa
587 1997 644 2044 noc
674 1979 810 2046 testibus
833 1979 921 2046 falsis
947 1980 1061 2062 egetis3
1095 1981 1155 2062 ipsi
1179 1981 1262 2048 enim

129 2085 232 2150 testes
253 2084 286 2148 in
309 2082 452 2148 omnihus
474 2081 548 2146 falsi
571 2081 657 2147 estis.
701 2081 746 2146 sio
769 2101 827 2148 nos
850 2081 908 2148 filii
930 2082 1114 2165 perditionis
1136 2083 1261 2150 Arriam

130 2187 309 2252 interficere
320 2184 485 2268 temptatis
499 2185 718 2262 Athanasium,
736 2185 892 2267 quomodo
907 2185 1109 2250 Nabutheum
1125 2187 1259 2265 Iezabel,

129 2293 295 2373 tamarim
317 2289 453 2372 possetis
476 2287 581 2352 omnia
603 2287 824 2369 conspicientis
856 2287 991 2372 effugere
1013 2307 1151 2354 manum.
1198 2291 1261 2358 scis

131 2393 313 2459 uindicasse
329 2393 424 2457 deum
440 2391 626 2474 sanguinem
639 2391 810 2468 Nabuthei‚
826 2391 961 2456 mortem
977 2390 1044 2456 eius
1060 2391 1100 2456 de
1116 2392 1261 2458 manibus

92 2496 370 2564 ainterfsotorum
394 2494 617 2578 cacuminissm
648 2494 680 2559 ot
703 2495 865 2561 arbitraris
889 2495 1011 2563 ortuis
1033 2495 1178 2563 manibus
1201 2516 1261 2563 non

132 2602 228 2666 deum
258 2599 485 2683 exquisiturum
512 2598 697 2681 sangninem
727 2598 902 2665 sacerdotis
931 2600 980 2663 sui
1003 2597 1189 2665 Athanasii?
1234 2604 1264 2663 et

131 2705 217 2769 dimit
238 2705 388 2770 domimus
409 2704 452 2768 ad
474 2703 607 2768 Heliam
631 2702 806 2768 thesbitem
821 2703 942 2769 diceas:
964 2723 1058 2787 sarpa
1072 2709 1101 2769 at
1115 2704 1262 2769 descende

131 2810 169 2872 ire
192 2809 321 2873 ebaiam
342 2807 452 2872 Achab
475 2808 542 2891 repi
563 2807 679 2888 Israel,
710 2808 767 2889 pert
788 2811 835 2872 est
856 2807 893 2873 aa
916 2806 1077 2892 Samaria,
1109 2808 1188 2889 qaia
1210 2807 1261 2871 hic

132 2914 170 2975 ia
190 2912 320 2976 mirream
342 2911 504 2977 Nabataei
527 2912 693 2993 descendit,
716 2916 751 2975 at
770 2911 936 2993 possideat
957 2931 1036 2977 aare.
1061 2914 1090 2975 et
1110 2912 1195 2977 dices
1217 2910 1261 2975 ad

95 3029 224 3079 neam:
254 3015 329 3080 baec
356 3016 438 3081 dicit
462 3015 626 3081 dominas:
659 3016 812 3097 quomodo
841 3015 983 3081 occidisti
1006 3013 1209 3079 Nabatheam
1232 3019 1261 3078 et

127 3121 298 3201 possedisti
313 3120 443 3185 mirream
459 3119 535 3198 eiras,
554 3124 687 3200 propter
703 3118 760 3182 hoc
775 3118 851 3183 baec
864 3119 942 3183 dicit
957 3117 1120 3182 dominas:
1144 3118 1180 3181 im
1195 3118 1260 3181 loco

133 3223 170 3286 ie
185 3244 246 3305 qao
262 3223 429 3287 limaeraat
442 3240 536 3286 cares
551 3225 579 3285 et
593 3241 664 3285 seres
676 3222 867 3305 saapaiaem
883 3220 1056 3304 Nabataei,
1079 3220 1124 3284 ibi
1140 3219 1262 3302 iimperat

134 3345 228 3391 eaaes
249 3329 439 3410 scapeiaem
463 3330 562 3407 mam,
593 3329 624 3389 et
642 3326 842 3408 fornicariae
866 3325 1022 3389 lamabant
1043 3324 1082 3389 ia
1102 3324 1262 3405 saapaiae

133 3433 197 3493 tao.
241 3434 270 3494 et
297 3430 383 3493 dreit
403 3428 514 3493 Achab
541 3428 585 3492 ad
606 3428 757 3494 Heliam:
789 3428 818 3493 si
846 3429 1001 3495 iaceaisti
1022 3448 1080 3509 me,
1110 3427 1263 3491 inimicas

96 3546 122 3585 ω
135 3533 247 3597 meas?
269 3536 298 3597 et
319 3533 404 3599 dicit
426 3532 558 3597 Helias:
578 3532 703 3617 iaceret,
726 3533 879 3614 qaoaiam
902 3532 1046 3615 copitasti
1068 3532 1172 3613 faeere
1194 3550 1261 3595 ma

135 3635 220 3717 lipae
243 3641 316 3701 aete
338 3643 535 3720 conspectam
557 3636 689 3720 dmaiai,
713 3640 748 3700 at
771 3636 971 3700 exacerbares
990 3656 1069 3702 eam.
1093 3634 1263 3700 haecdicit

133 3738 298 3804 domimus:
330 3760 395 3807 eece
416 3762 469 3824 epo
490 3742 609 3807 iadaeo
630 3760 727 3822 saper
748 3745 776 3805 te
799 3740 897 3817 mala,
927 3744 955 3805 et
983 3741 1171 3807 sacaeedam
1186 3740 1263 3821 post

237 3925 390 4031 omna.
408 3961 442 4014 ao
461 3962 523 4033 (21),
541 3963 566 4017 o.
585 3962 618 4016 10
688 3961 719 4014 21
739 3960 776 4016 a.
795 3961 828 4013 so
846 3961 907 4029 (21),
927 3960 1028 4015 1r-as

187 4132 364 4221 thebaicum
386 4168 569 4223 ieaeahelstem
594 4169 612 4237 (¹
635 4186 669 4223 m.
693 4170 758 4236 ree.)
783 4170 813 4237 V,
840 4166 993 4237 Ναβουθαὶ
1015 4166 1063 4219 τὸν
1084 4162 1262 4234 Ἰεζραηλίτην

133 4250 223 4306 LXX
291 4251 323 4305 21
344 4253 467 4309 athanasi
536 4255 569 4308 27
587 4255 734 4342 lincxemnt
804 4253 837 4307 80
855 4253 988 4322 malignae

1129 4373 1162 4426 7*
