3050 5000
330 360 395 427 204
819 360 967 416 Luciferi

332 553 451 636 ceperit
471 553 575 619 Adam
596 572 651 635 per
672 552 833 619 fallaciam
856 553 888 617 et
908 550 1019 630 Euam,
1042 550 1162 617 ideirco
1184 548 1360 634 pertulisti
1383 569 1462 613 men·
1498 604 1499 641 Ξ

333 656 469 736 dacium,
490 658 528 722 ut
549 675 605 723 nos
627 656 673 721 sie
695 657 978 736 circumscriberes,
1003 654 1157 738 quemodo
1173 652 1462 734 circumscripserit

332 758 477 826 diabolus
497 759 719 843 primoplastos
739 758 898 835 homines3
926 759 962 823 tu
986 756 1107 823 dixisti:
1130 758 1292 825 damnate
1317 756 1460 822 Athene-

212 905 221 927 Ι
331 864 429 944 mum,
451 864 529 944 quie
548 863 696 947 grauiter
716 863 861 946 deliquit,
885 862 1086 944 alioquinin
1100 865 1193 926 reatu
1208 861 1312 925 eritis
1328 860 1461 923 maimo

332 966 422 1048 apud
442 967 544 1032 deum.
567 966 719 1047 sussepiic
739 966 837 1031 Arrii
858 964 961 1047 fidere,
984 969 1014 1029 ei
1034 964 1151 1029 eiectis
1172 966 1210 1028 irc
1234 967 1422 1027 eetemum
1476 980 1481 1016 ε

375 1068 507 1133 XXXII.
539 1068 656 1151 Accipe
684 1086 765 1151 quae
789 1067 889 1133 etiam
907 1067 1140 1133 amantissimus
1161 1066 1221 1132 tibi
1245 1065 1344 1131 cirea
1371 1063 1460 1129 Adon

334 1172 368 1237 et
387 1171 488 1235 linem
509 1172 620 1254 egerit,
654 1171 688 1236 et
715 1170 858 1235 inuenies
886 1171 963 1235 haee
992 1171 1025 1235 te
1053 1188 1133 1235 nuno
1156 1188 1272 1253 gerere
1300 1169 1396 1233 cirea
1416 1186 1460 1231 nes

335 1292 416 1357 quae
440 1275 473 1338 et
492 1274 548 1339 ille
560 1275 636 1339 tunc
652 1274 787 1357 gesserit
802 1274 888 1338 circa
902 1273 984 1339 illos.
1008 1278 1039 1339 ei
1052 1278 1154 1353 moni,
1169 1273 1280 1355 inquit
1296 1271 1333 1336 in
1353 1272 1458 1338 Genesi

333 1376 470 1461 Moyses,
502 1376 592 1441 emto
618 1376 700 1442 aedi
726 1382 803 1442 terre
825 1376 933 1443 Adam
954 1379 985 1442 ei
1004 1376 1118 1441 mulier
1140 1376 1217 1461 eius,
1243 1380 1273 1439 ei
1301 1394 1376 1439 non
1397 1394 1458 1439 cor-

328 1479 569 1561 fundebenier;
588 1498 716 1560 serpem
729 1484 836 1546 aetem
850 1484 920 1545 eret
933 1479 1109 1560 sapientior
1122 1478 1272 1543 omnibus
1289 1478 1479 1543 bestiemrus

334 1601 415 1664 geue
435 1587 538 1664 erem,
562 1582 595 1647 et
614 1581 712 1647 inira:
733 1587 762 1647 ei
776 1582 862 1647 dieii
875 1600 1002 1663 serpens
1017 1581 1164 1648 mulieri:
1186 1582 1267 1663 quid
1285 1581 1374 1663 quia
1390 1580 1458 1643 diui

334 1685 484 1750 domium
503 1686 582 1751 deus
603 1706 643 1750 ree
663 1686 768 1752 edetis
788 1706 826 1751 ec
848 1688 936 1751 omrri
958 1686 1044 1768 ligno
1065 1686 1147 1767 quod
1168 1690 1212 1750 est
1228 1686 1269 1749 irr
1280 1684 1457 1765 paradiso?

334 1792 365 1851 et
385 1787 472 1852 dieii
491 1788 608 1853 mulier
628 1791 785 1872 serpenti.-
807 1810 845 1855 ec
867 1790 955 1855 omni
978 1790 1064 1873 ligno
1084 1789 1168 1872 quod
1190 1794 1235 1853 est
1251 1789 1295 1852 ire
1304 1788 1456 1869 paradise

335 1889 469 1968 merore,
495 1890 534 1955 ee
560 1890 669 1971 fructu
696 1894 801 1955 eutem
824 1892 907 1973 ligni
932 1890 1016 1973 quod
1037 1894 1083 1955 esi
1108 1892 1146 1955 ire
1167 1892 1271 1957 medio
1290 1890 1455 1972 paradise,

335 1992 420 2057 dieii
440 1993 524 2075 dem,
553 2013 619 2059 nors
639 1994 875 2059 manducabitis
902 2014 940 2059 ecc
967 2014 1011 2075 eo,
1044 1994 1098 2059 sed
1127 2013 1184 2059 roeo
1214 1994 1363 2076 tangetis
1390 2000 1475 2071 cum‚¹³

335 2115 376 2160 ree
397 2097 593 2161 moriemini.
628 2097 762 2163 dicimus
783 2098 841 2163 tibi
862 2098 934 2163 looo
957 2097 1110 2179 serpentis
1131 2096 1344 2180 persuadenti
1369 2095 1454 2170 nent,

335 2201 372 2264 ut
388 2199 606 2286 <in>auditum
619 2199 814 2278 damnemus,
830 2201 866 2264 ut
876 2200 1074 2265 innocentem
1085 2200 1283 2283 iugulemus:
1302 2199 1454 2281 praecepit

337 2302 481 2369 dominns
502 2303 702 2369 innocentem
731 2304 764 2368 et
791 2302 909 2369 iustum
937 2322 998 2368 non
1017 2302 1282 2369 interficiendum.
1334 2308 1365 2367 ei
1388 2302 1453 2366 diri

334 2424 464 2488 serpere
484 2407 629 2472 mulieri:
650 2426 717 2473 roro
737 2406 928 2473 moriemini.
950 2405 1065 2471 sciebat
1086 2407 1170 2471 ereim
1185 2406 1263 2469 deus
1286 2406 1374 2486 quie
1388 2426 1452 2487 que·

335 2529 467 2591 remum
488 2510 539 2576 die
560 2511 835 2576 merdueeueriiis
859 2530 897 2574 err
917 2529 959 2593 eo,
982 2510 1168 2590 aperientur
1192 2508 1276 2574 oculi
1301 2509 1415 2593 uestri,
1433 2512 1472 2570 er

337 2612 427 2676 erilis
454 2613 539 2677 sieut
562 2613 612 2678 dii
639 2615 772 2680 seientes
798 2615 912 2678 tonum
939 2618 968 2678 ei
989 2613 1119 2678 melem
1167 2613 1334 2678 dicentem
1356 2613 1452 2694 itaque

336 2712 435 2778 istum
449 2715 626 2797 serpentem
646 2717 750 2800 perte
774 2716 815 2781 ad
836 2735 910 2781 nos:
932 2717 1036 2800 magis
1057 2717 1147 2782 eritis
1161 2717 1252 2799 iusti,
1268 2717 1300 2780 si
1316 2715 1453 2797 fuderitis

335 2818 525 2899 sanquinem
546 2820 676 2905 ireseum,
705 2821 809 2901 mepte
830 2821 920 2884 erilis
947 2819 1041 2898 dead,
1070 2821 1099 2884 si
1125 2819 1341 2900 apostolicam
1369 2837 1453 2882 mer-

336 2918 529 3003 pelieemque
543 2921 850 2988 eumdemeiieerries
863 2922 960 3003 iidem
977 2923 1160 2988 Arrionem
1174 2923 1386 3003 susceperitis
1394 2941 1453 3002 per·

336 3025 512 3107 fidiemm
536 3026 678 3092 calcetur
704 3025 839 3108 propitio
869 3025 928 3090 deo
956 3025 988 3089 in
1013 3025 1047 3088 te
1077 3024 1203 3107 quidem
1230 3025 1298 3089 iam
1331 3044 1351 3089 a
1380 3024 1474 3088 nonne

336 3129 497 3196 fallaciam
517 3130 617 3212 ipsius
639 3128 821 3194 scientibus.
845 3127 901 3194 sod
922 3127 981 3194 tibi
1002 3145 1059 3193 nos
1076 3126 1182 3192 dolere
1198 3127 1248 3191 est
1261 3127 1362 3192 testis
1377 3126 1452 3193 dens

337 3234 503 3315 prepterea
526 3233 609 3315 quod
630 3250 687 3315 per
707 3232 741 3296 to
763 3232 866 3296 semet
887 3230 1086 3298 constituerit
1114 3230 1155 3295 ed
1175 3249 1232 3295 nos
1256 3229 1453 3296 circumseri

337 3333 473 3410 bendos;
488 3335 614 3400 constat
628 3333 744 3399 etenim
756 3334 832 3398 tuno
848 3351 904 3416 per
920 3333 1138 3416 semetipsum
1153 3331 1347 3416 adgressum
1364 3333 1454 3399 Adan

338 3435 372 3499 et
392 3435 502 3501 Euam.
531 3435 682 3520 deprecor
702 3438 735 3501 te
757 3455 796 3500 ne
819 3437 897 3502 haec
920 3434 1060 3520 grauiter
1085 3435 1222 3518 seeipias
1244 3454 1331 3518 quae
1355 3434 1453 3500 salutis

338 3536 413 3603 mae
435 3556 531 3604 cansa
546 3539 753 3622 preferantur.
777 3537 883 3604 dolere
899 3539 1014 3604 etenim
1028 3539 1062 3603 te
1079 3538 1211 3604 arbitrer
1227 3538 1314 3619 quod
1333 3538 1476 3602 dinem*

440 3741 637 3808 euenere
706 3742 923 3810 useel—3
992 3742 1201 3807 lssib.3,4.5

389 3930 556 4000 6aceipiter
624 3930 744 4000 8inquid
813 3931 845 3984 10
858 3931 1050 3999 omniumfert.
1115 3929 1294 3986 bestiiseersi
1305 3931 1396 3986 Totius
1494 3975 1495 3984 ,

339 4015 372 4070 12
388 4015 518 4088 paradyso
588 4016 621 4069 14
637 4015 768 4087 paradyso
784 4017 814 4085 V,
831 4015 976 4086 paradisis
1046 4016 1078 4071 17
1091 4016 1212 4071 auditum
1225 4015 1395 4102 dumnaemus

337 4102 372 4157 22
388 4104 473 4173 magis
489 4131 525 4145 -
540 4103 640 4158 iurem
657 4103 701 4158 oie
718 4103 828 4158 edrici
906 4102 941 4156 24
958 4103 1191 4158 anatimtiusntes
1274 4101 1309 4155 25
1322 4107 1388 4172 posi
1404 4117 1450 4169 per·

338 4189 430 4330 233
451 4189 567 4331 {crim
589 4187 670 4257 quae
692 4187 837 4258 respuimus
860 4189 1038 4245 intercidisse
1060 4187 1178 4243 uidetur
1285 4187 1319 4241 26
1337 4187 1449 4246 deleret
