3050 5000
334 370 376 424 De
394 386 447 424 nan
466 372 596 441 parcendo
613 374 642 426 in
660 364 737 425 deum
754 332 981 441 delinquentibus
1155 372 1217 439 253

61 572 68 585 ‘
95 548 191 629 tatem
206 562 472 644 lapidabantur
494 564 531 626 tu
553 561 649 628 corde
669 562 816 641 tremens,
842 562 986 628 dentibus
1009 562 1145 627 stridens
1169 562 1214 627 sis

38 658 44 669 “
96 666 264 730 aduersum
291 685 347 731 nos
375 666 460 731 nulla
490 666 552 731 alia
582 667 620 732 de
647 686 699 746 re,
737 668 796 732 nisi
827 668 900 750 quia
930 667 961 731 te
984 666 1217 749 persecutorem

96 769 238 835 dicamus
267 769 318 833 dei
346 768 471 849 (lomus,
505 771 565 835 nisi
596 771 669 853 quia
701 771 930 836 destructorem
961 770 1011 834 dei
1044 770 1215 852 religionis,
1338 763 1342 773 '

95 874 169 954 quia
197 872 334 937 fusorem
364 874 524 956 sanguinis
555 892 716 939 seruorum
747 874 880 956 Christi,
921 875 995 956 quia
1028 873 1217 956 sacrilegum

69 976 272 1044 suocitcmus
286 976 378 1054 iuste,
403 977 516 1059 quippe
531 978 749 1059 blasphemum
764 977 968 1056 haereticum,
993 978 1106 1060 quippe
1122 975 1217 1041 fidem

95 1080 301 1161 apostolicam
325 1079 602 1161 euangelicamque
627 1080 865 1162 expugnantem.
901 1099 961 1144 non
989 1079 1120 1144 iacimus
1148 1099 1217 1144 rem

96 1182 155 1246 (leo
179 1181 343 1259 odibilem,
378 1182 484 1247 stubi
505 1182 566 1247 isto
589 1182 683 1247 modo
707 1202 768 1264 quo
795 1183 902 1247 tecum
933 1182 1056 1248 conlido
1089 1182 1217 1265 agentes

96 1284 181 1366 quod
212 1285 245 1349 te
279 1303 348 1349 esse
381 1283 595 1367 intellegimus
631 1284 781 1349 dicamus.
820 1285 996 1350 inuenimus
1012 1284 1141 1363 ¹etenim
1172 1285 1215 1349 sic

95 1387 199 1469 egisse
224 1386 322 1465 tales,
359 1385 599 1469 qualismata,
634 1387 742 1451 contra
769 1386 931 1469 gloriosos.
970 1388 1217 1453 desereieutr'bus
1275 1424 1277 1428 ι

55 1508 80 1547 1⁰
93 1495 200 1556 autem
232 1490 320 1570 illis,
356 1489 432 1553 dicit
465 1488 628 1572 scriptura,
662 1494 690 1554 et
722 1482 939 1555 r'ee‘uuaullbus
972 1492 1099 1555 domiuo
1132 1492 1216 1556 eece

93 1594 227 1675 spiritus
241 1599 387 1660 sauctus:
408 1598 564 1677 seprepate
578 1592 658 1657 milri
674 1593 865 1659 Beruatem
879 1599 907 1657 et
923 1594 1060 1661 Saulem
1074 1595 1111 1658 e'u
1127 1614 1216 1680 opus,

93 1698 139 1762 ad
160 1698 242 1779 quod
263 1698 379 1761 uocaui
401 1717 460 1761 eoo.
499 1701 573 1760 teuc
595 1690 777 1762 e'er'uueutes
804 1701 833 1761 et
860 1702 983 1761 oreutes
1006 1698 1216 1778 reposueruut

94 1801 141 1864 eis
162 1820 278 1865 moues
300 1805 330 1865 et
349 1800 540 1865 dimiserunt
561 1818 618 1863 eos.
644 1808 672 1864 el
693 1798 746 1864 llll
769 1798 894 1883 quidem
916 1800 1043 1865 dimissi
1064 1822 1086 1865 a
1108 1806 1216 1867 caueto

93 1903 214 1985 spiritu
242 1903 465 1968 descenderem
493 1902 669 1981 Seleuciam
702 1906 731 1968 et
759 1903 853 1968 illiue
882 1905 1121 1985 uautpaeeruut
1153 1903 1214 1988 Op-

55 2021 81 2061 1⁵
87 2028 198 2089 prem.
215 2011 328 2072 etcum
340 2008 499 2071 ueeisseul
510 2006 692 2085 Salamiua,
702 2006 935 2087 praedmebaut
950 2006 1079 2071 uerbum
1095 2008 1217 2072 domr'm'

68 2112 131 2173 iu
161 2110 330 2193 spuepopc's
350 2110 553 2174 Iudaeorum.
590 2106 746 2173 dedebam
776 2112 881 2172 aetem
911 2108 1086 2173 Iohannem
1115 2112 1214 2175 mc'er‘-

93 2217 204 2290 strum,
228 2218 255 2276 et
277 2233 348 2277 cum
364 2212 642 2293 perambulasseut
662 2212 847 2276 uetuersam
869 2212 1012 2276 luculum
1033 2232 1129 2293 usque
1145 2212 1212 2278 Pa·

92 2316 174 2397 fum,
197 2316 391 2379 leuauerunt
410 2314 578 2396 quemdam
599 2315 707 2379 uirum
724 2314 1032 2395 pseudoprophetam
1047 2316 1215 2388 Iudaeum,

94 2421 149 2483 cur'
170 2438 282 2483 uomeu
304 2423 372 2482 erat
394 2418 609 2499 Barlesubam
632 2420 714 2500 quad
735 2419 966 2500 interpretetur
984 2418 1136 2501 Paratus,
1161 2421 1218 2502 qul

56 2535 81 2574 ²⁰
94 2526 166 2588 erat
187 2543 257 2588 cem
276 2523 466 2604 pracousele
488 2522 599 2606 Serpr'o
622 2522 738 2588 Paullo
759 2524 831 2586 m'ro
853 2523 1029 2606 prudeete;
1061 2525 1117 2605 qul
1145 2544 1216 2589 cem

94 2626 278 2690 adeocassel
300 2624 492 2689 Barnabam
513 2632 542 2690 et
565 2626 718 2710 Saulem,
752 2625 919 2706 quaerebat
948 2627 1061 2691 audire
1086 2627 1216 2694 eertum

94 2729 157 2794 dei.
180 2729 340 2820 resistebat
362 2733 467 2792 auem
489 2729 542 2794 illi
563 2729 715 2817 Eleemes
735 2749 847 2810 mapus
873 2730 930 2810 (ste
953 2731 1037 2794 euim
1059 2731 1214 2814 iuterpre-

93 2836 198 2896 tatum
211 2832 331 2897 dieder
343 2850 457 2895 uomere
475 2832 569 2913 eles),
591 2833 646 2913 pei
661 2832 826 2913 quaerebat
841 2836 982 2896 auertere
993 2835 1216 2914 procousulem

94 2956 115 2999 a
137 2935 208 3016 pide.
239 2934 359 2999 Saulem
381 2938 486 3000 eutem
508 2935 564 3016 pul
585 2933 714 2999 Paulus
734 2935 871 3018 repletus
891 2937 1009 3016 spiritu
1031 2942 1140 3003 saeclo
1163 2939 1215 3002 iu-

57 3032 225 3105 roteudeus
251 3038 289 3102 lu
316 3059 387 3102 eum
416 3039 481 3102 ait:
513 3037 649 3119 oplcue
675 3039 763 3102 omui
792 3039 861 3103 dolo
889 3040 1093 3124 Mellaria,
1127 3041 1217 3122 plius,
1319 3119 1324 3128 ,

94 3142 229 3226 diaboli,
246 3142 389 3206 'mimice
409 3142 512 3206 omnis
534 3142 689 3222 iustitiae,
719 3161 786 3206 uae
807 3142 926 3206 desiuls
942 3147 1121 3222 pereertere
1142 3146 1216 3208 uias

94 3245 219 3310 domiui
240 3250 349 3310 rectus.
385 3249 521 3309 etuuec
543 3264 606 3308 ecce
628 3263 744 3308 mames
770 3244 893 3308 domim'
920 3231 1090 3308 adeersum
1113 3250 1157 3327 le,
1188 3251 1217 3310 et

95 3349 159 3414 eris
181 3367 298 3412 caecus
312 3367 377 3410 eae
398 3347 513 3412 eidem
533 3346 629 3411 solem
650 3366 747 3428 esque
777 3347 819 3410 ad
842 3349 973 3427 tempus.
1010 3351 1041 3411 et
1061 3341 1216 3430 protimus

96 3451 209 3516 cecidit
229 3462 326 3532 ‘serper
346 3469 417 3514 eum
439 3450 541 3531 caligo
562 3453 593 3513 ct
613 3447 762 3526 tenebrae,
790 3453 819 3513 et
840 3449 1026 3513 circumiens
1049 3451 1218 3532 quaerebat

58 3556 154 3636 epus
179 3573 212 3619 se
240 3554 285 3619 ad
312 3573 444 3618 marcum
471 3553 644 3618 dedeceret.
683 3552 797 3617 uideas
819 3557 924 3617 autem
940 3555 1216 3638 procousul'puoal
1251 3593 1255 3604 ·
1368 3539 1370 3546 ’

96 3661 168 3721 erat
194 3656 332 3737 factem,
367 3655 501 3719 eredidit
527 3674 597 3720 cem
625 3654 839 3719 admiratione
863 3659 992 3737 eupms
1013 3657 1049 3720 em
1071 3656 1217 3754 doctriua

199 3897 215 3950 9
233 3896 292 3949 Act.
311 3896 352 3958 la,
370 3895 455 3949 2-12

149 4119 165 4170 5
183 4134 305 4173 uocemm
328 4138 345 4174 o
448 4122 463 4173 7
482 4120 556 4189 ⁴quod
657 4122 674 4174 9
693 4122 786 4192 (ῃιιιιίθεΙ
805 4127 872 4176 m.1
976 4123 1149 4192 gloriosume

98 4205 130 4258 10
148 4220 222 4259 sacra
240 4206 401 4275 scripturae
470 4207 503 4259 14
519 4207 602 4262 illice
671 4207 703 4260 17
720 4207 929 4277 perambulasset
945 4225 978 4262 m.
997 4213 1013 4262 1
1083 4208 1115 4261 19
1132 4207 1216 4262 barie-

96 4290 190 4344 subem
211 4291 369 4354 1⁷,ssariesu
387 4293 457 4346 coel.
475 4294 613 4348 Latmius
681 4292 715 4346 22
732 4292 887 4348 restistebat
955 4309 1098 4364 magnuso
