3050 5000
262 341 302 406 12
750 339 902 394 Luciferi

261 532 402 595 uestrum
425 530 586 607 sanitatis,
610 530 760 594 conuiuae
783 549 843 594 me.
879 548 940 594 non
964 529 1012 594 ost
1027 548 1145 593 uanum
1160 529 1344 607 concilium,
1360 529 1396 592 in

261 651 321 714 quo
352 651 442 698 omne
465 631 631 697 consilium
659 649 719 696 non
743 631 800 706 est,
836 631 895 696 nisi
923 634 959 696 ut
987 631 1038 695 dei
1063 633 1198 715 negetur
1226 631 1325 709 filius,
1356 633 1396 695 ut

261 735 338 800 deus
360 737 450 818 pater
465 754 525 800 non
543 754 612 799 esse
627 753 720 800 uerus
736 734 826 816 pater
843 733 1038 812 defendatur,
1061 735 1097 799 ut
1114 735 1241 817 spiritus
1257 735 1394 799 sanctus

259 839 438 921 paracletus
471 857 532 902 non
556 857 625 904 esse
647 857 742 902 uerus
772 837 822 902 dei
850 837 977 920 spiritus
1007 837 1219 914 adseueretur,
1248 838 1286 901 ut
1309 856 1392 919 apo-

260 941 374 1006 stolica
397 942 491 1024 atque
515 940 700 1024 euangelica
719 939 849 1004 traditio
873 940 1064 1017 destruatur,
1092 940 1129 1004 ut
1148 939 1279 1004 traditio
1303 939 1391 1004 Arrii
1420 961 1434 1000 ⁵

259 1044 421 1108 firmetur?
464 1045 496 1108 in
519 1061 580 1125 quo
602 1043 735 1108 concilio
757 1043 836 1108 nihil
859 1043 945 1107 aliud
967 1041 1119 1120 firmatur,
1143 1041 1203 1106 nisi
1217 1042 1302 1124 quod
1319 1061 1389 1107 om·

258 1146 349 1211 nibus
371 1147 538 1214 haereticis
562 1148 594 1212 et
617 1149 749 1214 ethnicis
767 1149 860 1231 atque
877 1149 1003 1214 Iudaeis
1019 1149 1119 1231 possit
1134 1148 1290 1212 laetitiam
1306 1166 1389 1212 con-

258 1251 381 1332 quirere
403 1269 564 1333 magnam;
609 1246 748 1334 gaudent
771 1251 877 1315 cuncti
906 1251 957 1315 dei
978 1251 1140 1334 religionis
1173 1251 1387 1327 siceratores,

258 1353 341 1434 qnod
365 1353 447 1418 enim
468 1353 501 1417 te
523 1353 652 1418 uideant
673 1354 894 1436 imperatorem
915 1355 983 1420 uoti
1006 1355 1055 1419 sui
1075 1373 1142 1418 rem
1166 1354 1388 1436 exequentem,

257 1456 341 1537 quod
376 1456 458 1520 enim
479 1456 512 1520 te
536 1456 676 1520 extitisse
697 1456 782 1520 unici
803 1455 861 1520 filii
883 1456 936 1520 dei
958 1457 1140 1540 negatorem
1169 1458 1201 1521 et
1223 1458 1290 1522 eius
1313 1475 1430 1522 ser-1⁰

257 1578 366 1623 uorum
388 1559 553 1622 aduertant
567 1561 811 1640 persecutorem.
832 1562 891 1624 hoc
910 1560 959 1623 est
973 1560 1140 1624 concilium
1158 1560 1241 1642 quod
1252 1578 1386 1642 magno·

254 1679 330 1742 pore
353 1661 495 1725 omnibus
517 1660 637 1726 uiribus
659 1661 783 1744 imperii
804 1662 852 1725 tui
875 1663 987 1727 solitus
1011 1681 1044 1727 es
1074 1663 1222 1741 adunare,
1254 1663 1295 1726 ad
1321 1664 1388 1728 hoc

190 1769 192 1774 '
255 1763 365 1845 utique
387 1764 424 1826 ut
446 1763 545 1828 omnis
570 1763 740 1828 auctoritas
764 1764 990 1846 scripturarum
1013 1783 1175 1830 sacrarum
1196 1764 1243 1830 tui
1257 1764 1390 1847 imperii

219 1887 221 1891 ·
256 1866 443 1932 auctoritate
467 1866 617 1944 soluatur,
640 1867 676 1930 ut
698 1867 799 1932 omnis
822 1867 948 1950 sepeliri
970 1867 1069 1950 possit
1092 1869 1220 1946 ueritas,
1243 1868 1279 1931 ut
1292 1886 1387 1932 men-

256 1968 347 2032 dacia
372 1969 576 2034 detestandae
600 1970 872 2034 commentationis
895 1971 1019 2035 uastae
1034 1970 1155 2053 possint
1169 1970 1270 2034 uideri
1291 1989 1385 2034 uera
1401 1997 1427 2036 ιε

253 2073 333 2136 haec
365 2074 437 2138 sunt
462 2073 678 2137 meditationis
707 2073 834 2137 uestrae
861 2072 894 2137 in
921 2072 977 2138 illo
1006 2075 1132 2156 egregio
1162 2073 1296 2138 concilio
1324 2092 1387 2155 per

253 2177 341 2240 tuam
366 2176 502 2241 adunato
524 2176 721 2258 potentiam„
752 2175 918 2257 propterea
940 2175 1009 2240 odis
1031 2194 1097 2254 nos,
1122 2175 1196 2258 quia
1211 2175 1385 2241 concilium

253 2280 394 2344 uestrum
416 2279 655 2362 malignantium
679 2297 887 2356 exsecremur,
910 2279 1075 2362 propterea
1095 2279 1127 2343 in
1151 2279 1243 2344 exilio
1260 2297 1383 2360 sumus,

252 2385 420 2465 propterea
440 2383 472 2446 in
496 2400 623 2446 carcero
639 2400 798 2460 necamur,
821 2387 986 2465 propterea
1001 2383 1090 2447 nobis
1106 2381 1182 2446 solis
1197 2381 1384 2464 prohibetur

253 2486 456 2569 conspectum
490 2484 609 2551 idcirco
641 2484 757 2550 reclusi
789 2485 820 2550 in
849 2486 997 2551 tenebras
1030 2484 1225 2550 custodimur
1257 2484 1421 2568 ingenti„

252 2588 409 2653 custodia.
454 2589 546 2652 husius
568 2588 613 2652 rei
637 2606 734 2653 causa
756 2588 862 2653 nullus
886 2588 926 2652 ad
949 2607 1005 2653 nos
1026 2587 1176 2653 uisendos
1199 2587 1381 2651 admittitur

251 2692 423 2769 hominum,
453 2692 526 2773 quia
548 2691 698 2755 uidelicet
727 2692 920 2756 noluerimus
948 2690 1111 2756 uobiscum
1142 2690 1246 2772 impiis
1276 2690 1378 2754 sacri-

251 2793 333 2875 legis
355 2794 453 2858 ullam
477 2794 632 2858 scelerum
654 2794 833 2859 soenorum
855 2784 971 2859 habere
994 2792 1188 2872 sociotatem,
1212 2793 1379 2857 uobiscum

253 2895 291 2959 de
315 2896 428 2977 quibus
452 2914 489 2960 ex
511 2897 618 2961 nostra
639 2915 773 2978 persona
795 2897 917 2961 directa
939 2896 988 2961 est
1010 2896 1184 2961 obsecratio
1205 2896 1245 2960 ad
1271 2895 1376 2972 deum,

225 3010 226 3015 ’
251 3017 289 3062 ne
314 2999 436 3063 scilicet
459 3000 621 3064 uobiscum
646 3000 796 3083 degentes
819 2999 914 3063 simul
928 2999 1111 3081 periremus,
1135 2998 1192 3063 sed
1206 2997 1377 3062 fuissemus
1391 3035 1418 3075 2⁶

250 3103 408 3186 segregati
438 3103 477 3167 de
505 3103 612 3167 uestro
641 3102 759 3166 nefario
789 3102 933 3180 concilio,
965 3101 1004 3166 de
1022 3101 1140 3166 uestra
1165 3100 1275 3183 iniqua
1295 3118 1373 3164 con-

250 3204 431 3285 spiratione.
479 3205 524 3269 ait
555 3206 637 3269 enim
671 3205 702 3268 in
736 3205 888 3268 uicesimo
916 3203 1049 3285 septimo
1076 3203 1212 3286 psalmo:
1246 3202 1374 3280 exaudi

249 3309 384 3393 domine,
407 3329 515 3374 uocem
526 3308 758 3389 deprecationis
780 3328 874 3386 eecce,
898 3328 969 3372 cam
984 3329 1038 3373 oro
1061 3308 1105 3372 od
1118 3312 1157 3389 tc,
1179 3326 1248 3371 cem
1262 3304 1375 3369 extollo

249 3400 364 3475 macas
385 3430 470 3475 meos
492 3410 535 3475 od
557 3411 706 3492 temptem
722 3415 867 3476 sonetum
880 3416 980 3493 tuam,
1004 3432 1044 3475 oe
1059 3408 1158 3474 simei
1173 3408 1285 3473 tratas
1303 3428 1374 3471 eum

243 3514 460 3594 peccatoribus
483 3512 627 3576 enimam
661 3534 763 3577 meam
790 3517 819 3576 ct
849 3533 918 3577 cem
947 3513 1151 3593 operantibus
1172 3512 1373 3593 iniquitatem
1386 3547 1414 3587 ω

350 3750 382 3803 aa
401 3749 444 3805 us.
462 3753 503 3820 aa,
522 3751 591 3803 Η

299 3972 468 4027 lcousilium
489 3974 527 4027 Va
605 3974 718 4043 satque
741 3976 772 4036 V,
791 3975 852 4027 eto
931 3973 1032 4027 daliut
1111 3971 1303 4025 Scuutim.1

246 4060 404 4111 execretores
422 4064 490 4113 m.1
573 4058 605 4111 14
622 4058 758 4112 mendatis
775 4064 809 4112 et
827 4060 940 4127 coeptes
1021 4058 1053 4110 15
1071 4055 1160 4109 uidere
1242 4055 1274 4108 16
1291 4053 1371 4107 medi·

244 4176 359 4230 tationes
377 4178 443 4243 fort.
521 4178 552 4231 19
571 4150 652 4231 carcia⁹
714 4176 747 4229 22
764 4176 926 4231 uoluerimus
990 4176 1024 4231 25
1041 4174 1153 4230 uotcum
1169 4174 1231 4243 (uos
1249 4174 1282 4227 ia
1299 4174 1368 4240 ros.)

249 4261 382 4327 Kome
