3050 5000
345 390 387 443 De
405 406 458 443 non
475 391 606 459 parcendo
624 392 652 445 in
670 392 747 446 deum
766 393 985 463 delinquentibus,
1165 398 1230 463 265

102 576 278 642 Christiani
301 596 370 643 esse
393 582 674 661 perseuerahimus.
708 584 817 648 contra
830 584 866 647 tu
882 603 953 648 cum
969 585 1074 667 gladio
1092 586 1229 668 digneris

103 683 175 746 eius
198 684 344 764 persequi
366 702 484 763 seruos,
518 704 578 750 non
600 688 632 750 tc
655 687 763 769 utiquc
786 688 849 751 iam
873 686 1085 753 Christianum
1109 688 1228 769 poteri-

99 802 178 849 mus
200 804 389 867 nuncupare,
414 787 471 851 sed
493 788 585 869 plane
607 789 762 853 latronem
785 790 838 854 uel
860 788 1078 871 gladiatorem.

150 888 264 954 XXVI.
303 890 442 966 Interea,
479 892 624 973 quoniam
657 892 860 956 recitauimus
894 893 1049 975 quomodo
1083 910 1230 957 coamens

70 991 182 1057 5tuus
213 992 357 1057 Scarioth
385 994 480 1057 Iudas
508 994 676 1058 tradiderit
706 994 883 1073 dominum,
916 996 978 1060 isto
1007 996 1039 1059 in
1067 995 1137 1060 loco
1162 995 1229 1059 eius

100 1095 232 1175 penitus
253 1096 462 1161 retractemus
482 1098 640 1179 sacrilegii
655 1117 767 1162 causas
785 1099 816 1162 et
829 1101 912 1177 tuas,
930 1101 961 1164 et
976 1098 1117 1162 inuenies
1133 1116 1230 1161 unum

102 1218 166 1263 uos
189 1218 258 1263 1111
279 1201 312 1263 tc
337 1202 368 1264 et
389 1200 501 1264 Iudam
525 1200 731 1265 scariotham.
758 1200 813 1265 ille
835 1202 969 1265 tradidit
992 1202 1150 1266 dominum
1174 1202 1230 1264 Iu-

103 1300 206 1380 daeis,
230 1303 386 1383 quianon
408 1303 510 1367 suerat
531 1302 744 1368 credens‘nisi
769 1304 922 1393 quomodo
947 1305 987 1371 sit
1002 1324 1082 1369 nunc
1099 1304 1232 1368 credens

103 1406 307 1471 conscotinus
335 1407 409 1471 tuus
438 1407 671 1485 Sirmiensium,
706 1408 759 1489 qui
789 1408 952 1473 dicebatur
976 1428 1011 1473 ao
1043 1411 1157 1477 dicitur
1179 1412 1230 1475 in-

57 1517 88 1555 10
105 1508 203 1591 digne
217 1510 356 1573 Petinus.
383 1511 420 1573 tu
434 1508 595 1574 tradidisti
611 1530 682 1574 eum
699 1512 731 1574 et
746 1512 875 1593 quidem
889 1513 956 1575 toto
974 1496 1049 1590 orbi,
1073 1516 1109 1578 ut
1125 1515 1231 1579 cuncti

106 1612 178 1675 eius
199 1612 320 1693 possint
341 1632 456 1695 negare
472 1614 678 1679 diuinitatem.
703 1615 773 1697 quis
788 1616 929 1680 uestrum
947 1615 978 1679 in
996 1616 1114 1681 scelere
1129 1618 1232 1682 maior

106 1716 180 1779 est?
203 1734 260 1798 ego
285 1716 416 1781 arbitror
438 1718 512 1799 quia
527 1718 573 1783 tu.
597 1721 698 1783 ommis
712 1718 796 1782 euim
812 1720 868 1800 qai
880 1722 1060 1800 peccauerit
1074 1722 1111 1784 iu
1126 1722 1233 1803 filiam

106 1818 257 1902 homimis,
280 1817 457 1884 dimittetur
479 1822 526 1902 et,
547 1823 603 1903 qut
624 1825 729 1886 autem
749 1820 1019 1903 blasphemassent
1031 1823 1068 1887 e'm
1083 1825 1234 1905 spiritum

105 1926 263 2004 sanctem,
297 1941 361 1986 1111
388 1923 563 1987 dimittetur
589 1926 617 1988 ec‘
646 1945 742 2005 aeque
769 1925 820 1989 tete
850 1946 947 2005 aegaee
974 1918 1010 1989 tre
1030 1928 1148 2007 futuro,
1199 1928 1235 1989 tu

63 2030 91 2069 1⁵
108 2024 264 2088 deitatem
290 2025 375 2090 illius
406 2045 466 2107 quo
494 2028 600 2090 cuncti
626 2028 746 2110 possint
769 2046 900 2110 negare,
935 2028 1066 2091 extitisti
1088 2030 1232 2094 traditor.

108 2131 263 2211 quantum
286 2130 368 2193 enim
392 2130 480 2211 apud
495 2132 529 2193 te
552 2131 616 2207 est,
639 2130 801 2194 tradidisti
825 2150 912 2209 eum,
938 2131 977 2195 de
1001 2150 1061 2212 quo
1086 2133 1117 2195 et
1137 2132 1236 2197 libros

107 2233 245 2317 scriptos
270 2232 384 2296 dedisti
409 2233 440 2297 et
461 2233 695 2315 praedicatores
717 2234 845 2315 benigni
867 2234 931 2297 uot'
955 2235 1002 2297 tui
1019 2234 1234 2298 1111111111

108 2336 311 2401 constituisti.
336 2356 429 2418 quem
453 2355 514 2417 quo
536 2338 664 2419 possent
679 2356 787 2402 omnes
802 2354 918 2419 negare
934 2355 1044 2400 uerum
1059 2336 1149 2401 illum
1167 2355 1236 2401 esse

110 2440 164 2504 dei
187 2440 297 2517 tilium,
321 2440 528 2523 apostolicam
551 2442 645 2523 atque
670 2440 886 2524 euangehcam
911 2440 1019 2505 contra
1041 2460 1098 2506 uos
1120 2442 1235 2505 haere·

65 2545 192 2608 wticos
217 2544 299 2627 apud
320 2545 445 2608 Niciam
468 2543 658 2627 descriptam
681 2543 778 2608 fidem
798 2545 904 2609 iecisti
932 2543 1072 2609 iudicare
1096 2545 1237 2608 haereti-

113 2667 186 2711 cam
210 2648 241 2711 et
262 2647 490 2729 blasphemiam
512 2649 601 2712 tuam
623 2648 727 2712 fecisti
750 2648 817 2730 diei·
837 2649 1035 2732 catholicam.
1078 2650 1238 2712 ettamen

111 2751 174 2814 iste
208 2750 319 2827 Iudas,
354 2751 407 2832 qui
442 2771 513 2815 eum
540 2752 732 2830 tradiderat,
768 2753 878 2816 uidens
906 2753 937 2816 in
968 2770 1044 2815 suae
1068 2749 1180 2816 salutis
1204 2770 1238 2814 se

114 2855 277 2935 operatum
300 2871 419 2932 necem,
437 2841 642 2935 paenitentia
663 2857 777 2920 duetus
798 2853 907 2918 retulit
926 2855 1062 2936 triplam
1078 2857 1240 2935 crpeateos

107 2957 314 3038 principibus
342 2957 538 3021 sacerdotum
565 2962 594 3021 et
619 2958 797 3023 semoribus
819 2959 941 3022 diceas:
969 2957 1120 3040 peccaut,
1154 2955 1238 3036 quod

69 3075 100 3116 2⁵
113 3060 305 3124 tradiderim
327 3061 518 3144 scapulam
540 3060 669 3126 1111111.
692 3065 729 3124 at
748 3060 800 3124 e'ttc'
815 3062 983 3124 dixerant:
1006 3059 1083 3140 quid
1099 3059 1142 3121 ud
1157 3057 1239 3121 uos?

113 3167 151 3226 tu
171 3163 300 3227 uideris.
338 3167 367 3227 et
382 3163 537 3244 proiectis
559 3164 715 3245 orpeateis
745 3164 782 3226 m
809 3161 921 3243 tempto
949 3163 1071 3226 secessit
1103 3165 1131 3224 et
1159 3159 1241 3224 odiit

113 3269 145 3328 et
166 3265 275 3347 laqueo
296 3285 326 3330 se
348 3267 520 3346 suspendit.
559 3265 612 3329 ille
640 3265 718 3329 licet
745 3284 806 3330 uno
834 3263 993 3329 momento
1023 3255 1177 3345 paenituit
1208 3261 1240 3325 et

113 3367 250 3449 pretium
274 3367 357 3448 qnod
381 3369 546 3448 acceperat
567 3367 722 3441 reddidit3
745 3367 781 3430 tu
805 3367 880 3449 quid
896 3367 972 3444 tale,
997 3366 1050 3447 qui
1066 3363 1240 3429 conuentus

113 3469 274 3552 piaculum
296 3470 329 3533 te
351 3469 456 3534 tacere
481 3471 519 3533 ab
544 3469 610 3533 eius
634 3470 734 3533 seruis
756 3488 817 3534 non
841 3469 942 3533 solum
960 3488 1020 3533 non
1036 3467 1239 3550 paenitueris,

72 3590 101 3629 ³0
116 3573 173 3638 sed
197 3575 228 3637 et
249 3574 351 3656 magis
373 3575 405 3651 in
428 3574 659 3639 contumaciam
682 3574 841 3637 creneris?
863 3575 898 3636 tu
922 3573 998 3654 quid
1020 3573 1095 3650 tale,
1120 3572 1173 3654 qui
1197 3571 1240 3635 sis

116 3677 195 3741 dans
218 3695 325 3740 omnes
348 3676 454 3760 copias
476 3676 564 3759 regni
586 3675 643 3754 tui,
667 3677 703 3739 nt
723 3677 826 3761 possis
849 3675 1050 3758 saerilegium
1072 3677 1162 3739 tuum
1183 3673 1240 3737 fir-

195 3848 198 3853 ’
220 3863 479 3932 1111111111
547 3863 581 3916 aa
599 3863 637 3918 11.
653 3863 696 3927 ar,
715 3863 783 3916 1-5

167 4003 243 4090 3111
344 4037 521 4105 4111111111
625 4037 786 4106 dpoenitus
889 4013 1173 4104 dsmyrniensiumu
1238 4035 1240 4039 ’

115 4124 243 4192 indignae
313 4124 346 4176 10
363 4124 449 4177 totio
518 4122 807 4207 ressuscitatae
883 4122 914 4175 15
932 4121 1035 4189 possint
1052 4120 1121 4174 comi.
1138 4118 1245 4186 Titius,

114 4229 226 4294 possunt
241 4227 281 4281 Vc
339 4225 383 4278 ‘20
396 4229 460 4295 aput
492 4288 496 4295 .
530 4225 688 4279 descrihtam
757 4225 867 4280 iudicari
880 4225 946 4291 sort.
1013 4221 1046 4276 26
1058 4194 1174 4290 argentis

114 4312 147 4366 31
165 4312 265 4366 firmari
