3050 5000
302 364 364 429 160
791 358 937 411 Luciferi

299 554 505 634 dixitquead
526 552 620 615 illam
642 550 776 613 Petrae:
796 549 849 613 dia
871 548 950 611 mibi
972 548 1002 612 si
1024 549 1108 612 tanti
1125 546 1307 628 praedium
1324 546 1442 609 uendi-

299 657 402 720 disti?
434 654 499 718 illa
520 674 597 718 aero
618 655 683 718 ait.-
704 654 797 716 tanti.
820 654 897 733 qaid
919 653 1066 715 conuenit
1090 652 1254 715 intereos
1279 651 1441 729 temptare

297 760 451 841 spiritam
464 757 616 821 domiai?
637 776 703 819 eoae
712 755 809 837 pedes
823 774 929 819 eoram
944 755 1000 836 qai
1011 755 1202 835 mpelaraat
1212 754 1332 817 airam
1348 756 1441 815 taam

298 865 335 927 ia
357 862 436 926 ostio
457 865 534 924 suat
554 862 586 924 et
605 860 734 939 efferent
754 862 794 924 te.
816 862 845 921 et
854 859 1010 939 pretim
1032 858 1144 922 cecidit
1160 855 1357 937 antepedes
1373 857 1440 920 etue

297 971 326 1029 et
347 964 519 1044 expirauit.
543 962 638 1025 eredo
659 962 776 1042 legeris
799 963 887 1039 haee,
912 962 1071 1025 ettamen
1094 978 1155 1024 non
1178 960 1333 1025 timueris
1360 976 1438 1023 eon·
1461 978 1469 1014 ⁵

299 1066 426 1130 einnare
437 1064 636 1128 mendacium
649 1064 721 1127 ante
734 1063 852 1127 domini
863 1064 1076 1144 conspectum.
1100 1082 1196 1145 quare
1211 1062 1306 1127 istud
1317 1062 1439 1137 fecisti,

299 1170 361 1233 nisi
383 1168 457 1250 quia
479 1169 523 1231 sis
547 1169 692 1250 sapiens?
715 1166 791 1248 quid
812 1168 847 1230 tn
870 1167 928 1231 tibi
951 1166 1090 1231 hrtrxmm
1113 1167 1291 1243 existimas,
1318 1166 1380 1247 qui
1398 1167 1439 1229 sis

300 1292 362 1337 non
384 1272 485 1336 solum
507 1271 652 1345 mendax,
680 1269 738 1333 sed
767 1270 935 1347 homicida,
965 1288 1024 1333 non
1049 1270 1152 1335 solum
1173 1268 1355 1343 homicida,
1383 1268 1438 1333 sed

299 1378 332 1439 et
353 1376 552 1439 haereticus?
596 1373 700 1437 eredis
727 1373 786 1436 tibi
814 1372 929 1454 inpune
955 1373 1046 1437 tanta
1068 1376 1219 1437 cessura?
1265 1371 1385 1435 eredis
1407 1374 1437 1434 te

300 1479 435 1542 euadere
463 1496 556 1559 posse
580 1478 708 1540 aeterna
729 1476 907 1557 supplicia?
951 1476 1092 1539 Ananiae
1121 1474 1255 1538 dieitur:
1287 1479 1328 1537 at
1360 1476 1465 1555 quide

298 1582 434 1663 repleuit
448 1586 582 1645 satanas
597 1601 651 1644 eor
664 1584 764 1663 taam,
787 1584 824 1643 ut
844 1580 960 1660 faisses
974 1581 1124 1643 menaeus
1139 1578 1276 1660 spiritui
1293 1582 1439 1641 sasaeto?

298 1686 330 1747 et
353 1684 448 1761 diaes,
472 1683 635 1747 Constanti
656 1683 836 1764 imperator.
861 1682 935 1763 quia
957 1700 1018 1745 non
1039 1681 1210 1763 repleuerit
1226 1682 1367 1745 satanas
1386 1700 1437 1744 eor

296 1788 438 1850 uestrum
450 1786 662 1862 Arrianorum,
678 1785 715 1847 ut
730 1785 853 1848 menhti
869 1784 1008 1847 fuissetis
1024 1784 1148 1865 spiritui
1160 1784 1270 1849 saneto
1288 1785 1436 1849 manenti

295 1892 328 1956 in
352 1891 403 1955 dei
428 1891 585 1955 ecelesia?
608 1890 777 1953 ecelesiam
801 1890 916 1952 etenim
939 1889 1114 1953 eonuenisti
1137 1888 1262 1951 dicens:
1295 1889 1437 1968 deliquit

296 1996 332 2058 ta
354 1996 445 2059 mam
466 1993 688 2069 Athanasias;
721 1992 754 2055 et
780 1991 912 2056 uidebat
940 1992 1068 2073 spiritus
1096 1992 1223 2055 sanetus
1253 1990 1463 2054 mendaces¹5

297 2098 417 2161 animas
439 2099 573 2172 uestras,
598 2096 680 2160 sient
694 2096 776 2160 uidit
792 2098 823 2158 et
840 2095 995 2160 Ananiam
1011 2114 1046 2158 ao
1064 2094 1259 2176 Sapphiram.
1285 2093 1432 2160 uidebat

296 2201 434 2282 inquam,
458 2199 588 2281 spiritns
609 2201 747 2268 sanetus,
777 2199 901 2280 quando
925 2202 1002 2265 haee
1026 2199 1203 2281 fingebatis,
1233 2197 1324 2279 quod
1348 2199 1431 2261 enim

295 2304 414 2366 ideireo
437 2304 515 2366 talia
538 2303 677 2367 inissetis
700 2303 903 2366 commentati
927 2302 1012 2389 cirea
1025 2302 1243 2377 Athanasium,
1269 2320 1337 2382 quo
1354 2320 1430 2382 pos-

296 2408 373 2470 setis
395 2410 535 2470 uestram
558 2408 721 2471 haeresem
743 2406 943 2470 introducere
958 2406 990 2469 in
1007 2405 1185 2480 ecelesiam,
1209 2423 1271 2485 quo
1288 2404 1430 2485 possetis

297 2510 502 2590 apostolieum
518 2509 679 2573 destruere
694 2510 905 2574 traditionem.
941 2509 1079 2573 Ananias
1103 2509 1134 2572 et
1150 2507 1318 2590 Sapphira,
1337 2527 1427 2589 prop·
1439 2515 1458 2553 ²⁰

293 2614 384 2675 terea
411 2613 494 2692 quod
525 2630 634 2694 agnxm
662 2632 753 2677 suum
781 2613 955 2676 uendentes
988 2611 1205 2676 haudauerint
1234 2611 1274 2674 de
1312 2611 1426 2692 pretio,

296 2713 380 2795 quod
397 2715 465 2777 ansi
481 2714 613 2778 luissent
627 2735 687 2779 non
701 2716 823 2797 integre
845 2717 931 2797 loqui
949 2717 1020 2778 ante
1037 2715 1087 2778 dei
1104 2713 1292 2795 apostolum,
1317 2713 1427 2777 taliter

294 2817 429 2880 iudicari
450 2820 640 2881 mernerunt.
662 2820 698 2882 tu
721 2819 774 2900 qui
798 2837 856 2882 non
880 2819 981 2882 solum
1004 2817 1135 2881 erimina
1156 2816 1238 2881 falsa
1262 2816 1318 2880 dei
1334 2837 1425 2881 seruo

296 2919 450 2994 obiecisti,
486 2919 543 2983 sed
570 2921 602 2983 et
630 2939 752 2984 omnem
782 2919 909 2984 domurn
943 2921 993 2984 dei
1022 2921 1118 2984 hiens
1140 2921 1340 3002 persecutus,
1375 2921 1425 3002 qui

297 3021 442 3085 effuderis
465 3040 606 3085 eruorem
628 3023 785 3086 eultornm
809 3022 886 3100 eius,
912 3023 965 3104 qui
994 3023 1176 3087 sacerdotes
1206 3022 1273 3086 eius
1296 3023 1453 3086 miserias

296 3124 336 3187 ad
358 3125 489 3187 metalla
520 3127 552 3188 et
580 3126 674 3190 exilia
703 3127 736 3190 et
761 3127 938 3191 haereticos
966 3126 1046 3190 loeis
1076 3125 1272 3190 ordinaueris
1303 3144 1424 3200 eorum,

295 3229 349 3309 qui
379 3229 595 3309 euangelicam
628 3228 725 3292 fidem
753 3227 869 3292 dixeris
901 3229 1093 3293 haereticam
1130 3229 1163 3292 et
1188 3228 1422 3309 blasphemiam

293 3332 432 3394 uestram
461 3331 576 3395 dixeris
598 3332 797 3407 eatholieam,
828 3333 880 3413 qui
909 3331 1118 3396 introduxeris
1146 3330 1364 3395 idololatriam
1394 3333 1422 3393 in

297 3433 476 3510 eeclesiam,
500 3435 551 3514 qui
576 3434 752 3497 desemeris
775 3435 869 3498 deum
892 3435 1047 3510 Abrahae,
1077 3433 1170 3497 deum
1194 3435 1296 3510 leaeo,
1330 3434 1423 3497 deum

292 3536 388 3599 laeob
412 3536 444 3598 et
466 3537 603 3600 omnium
630 3537 852 3618 prophetarum
883 3537 1094 3619 apostolerum
1119 3557 1155 3602 ae
1187 3537 1365 3620 martymm
1394 3541 1452 3601 eos

293 3637 506 3702 idololatriam
534 3639 630 3702 fueris
653 3641 735 3703 Arrii
759 3641 897 3717 secutae,
926 3640 1096 3716 existimas,
1126 3641 1153 3704 si
1182 3641 1213 3704 in
1241 3642 1301 3704 hae
1333 3642 1421 3705 blas-

294 3741 420 3822 phemia
444 3744 537 3822 atque
560 3743 748 3806 erudelitate
774 3741 946 3820 duraueris,
978 3741 1062 3824 qnod
1085 3763 1145 3807 non
1172 3744 1204 3807 in
1226 3743 1258 3808 te
1282 3745 1421 3808 maxima
1502 3805 1503 3828 ,

345 3997 453 4048 ltante
471 4002 538 4051 aaz
613 3971 711 4051 tosti
778 4000 809 4053 16
828 3999 1000 4096 annaniarnh
1045 3965 1176 4068 sapfniram
1195 3999 1216 4064 (⁵
1234 4017 1269 4054 m.
1287 4003 1353 4067 rec.)

293 4099 325 4150 17
344 4100 413 4152 enim
431 4118 491 4168 exp.
510 4118 544 4154 m.
563 4118 615 4155 ree.
688 4102 723 4154 20
741 4103 869 4155 annanias
939 4103 1043 4170 sappiro
1061 4102 1080 4170 (¹²
1103 4121 1137 4156 m.
1155 4105 1221 4169 ree)
1301 4101 1333 4154 21
1354 4103 1418 4156 fran-

292 4185 422 4238 dauerunt
439 4186 526 4239 Coleti
602 4187 635 4242 26
655 4189 781 4240 exiliata
800 4189 883 4242 tattio
901 4188 966 4254 solii
984 4188 1107 4242 decisam
1188 4189 1222 4240 27
1239 4188 1418 4258 blasphemam

296 4272 342 4336 Vr,
361 4288 409 4324 era.
428 4271 515 4324 Coleti
583 4274 617 4327 28
634 4273 784 4326 idolatriam
803 4293 836 4328 aa.
855 4280 869 4328 1
940 4275 973 4327 30
993 4278 1020 4327 et
1039 4278 1118 4342 (alate
1136 4276 1263 4346 omnium)
1286 4277 1315 4342 V,
1335 4293 1365 4328 ae
1383 4293 1396 4328 o
