3050 5000
317 360 381 425 256
805 356 956 410 Luciferi

319 550 425 614 sertus
455 547 570 613 dixerit
596 547 730 629 inspice,
766 548 798 611 et
826 547 967 612 inuenies
996 566 1052 612 nos
1083 564 1119 613 eo
1148 550 1258 611 cuneo
1284 540 1379 608 reniti
1397 541 1439 607 bibi

317 652 444 719 turbido
472 650 629 733 procellae
670 670 731 734 quo
767 650 815 714 ilii
851 640 977 715 dierunt
1005 649 1193 715 renitentes:
1231 646 1311 713 moti
1335 647 1440 728 fristra

317 775 443 834 errare,·
464 774 522 820 roos
539 754 624 820 emim
634 759 764 837 propter
778 758 896 819 mosaei
910 756 996 837 ipsos
1017 752 1101 818 haec·
1109 752 1272 835 patimur
1291 754 1440 833 peccantes

318 860 356 923 iro
377 858 470 924 deam
492 864 652 939 nostram,
682 863 713 924 et
733 860 835 943 dipsa
856 858 1072 925 admonitione
1093 857 1183 938 facta
1204 858 1313 930 sant‚·
1344 857 1377 916 ta
1396 872 1439 915 aa·

277 996 281 1003 ,
317 968 379 1027 tem
399 982 441 1026 me
460 966 490 1027 te
511 963 672 1029 existimes
693 964 823 1044 imparia
842 962 1005 1043 satanam,
1039 982 1110 1027 cam
1132 964 1252 1026 contra
1278 956 1377 1022 deam
1392 979 1461 1038 pro-o

316 1085 417 1148 poure
445 1066 657 1147 temptaueris.
695 1065 828 1147 probent
857 1064 1008 1147 epistolae
1035 1080 1125 1128 meae
1154 1058 1398 1127 mediocritatis
1420 1060 1441 1123 ci

317 1167 391 1233 iibri
411 1167 530 1232 rustico
552 1168 629 1233 licet
651 1186 794 1233 sermone
818 1166 967 1250 descripti
988 1186 1039 1231 me
1069 1184 1162 1249 saepe
1192 1164 1342 1241 dixisse,
1376 1163 1440 1245 quoi

317 1272 449 1353 peccata
477 1271 606 1355 quidem
633 1270 765 1335 iecerint
791 1270 915 1349 nostra,
945 1270 980 1335 ut
1000 1271 1032 1334 in
1053 1271 1125 1335 tuas
1149 1266 1343 1334 antichristi
1364 1285 1439 1349 prae·

317 1375 655 1440 cnrsorisneniremns
677 1394 798 1453 manus,
822 1375 855 1438 te
877 1376 983 1439 tannen
1006 1378 1145 1457 pugnare
1169 1372 1292 1438 contra
1318 1370 1440 1436 deunret

316 1478 445 1555 idcirco,
469 1478 529 1543 nisi
550 1479 609 1543 tibi
631 1479 845 1561 prospereris,
869 1479 901 1543 te
924 1478 1052 1561 quidem
1074 1479 1110 1542 ut
1123 1476 1231 1541 istum
1261 1474 1459 1540 Antiocheno

316 1580 348 1644 in
372 1581 531 1646 aeternam
554 1600 686 1665 poenam
708 1582 862 1661 iuturrun,
893 1582 981 1647 nobis
1010 1599 1084 1646 uero
1113 1579 1372 1663 propitiaturum
1396 1576 1438 1639 do-

316 1683 444 1749 minum.
1172 1704 1175 1710 ¹

359 1788 461 1852 XXII.
499 1789 615 1854 Dolens
644 1809 693 1871 es,
727 1809 784 1854 cur
812 1790 987 1855 commissis
1010 1788 1098 1855 nobis
1120 1789 1157 1851 te
1177 1788 1209 1853 et
1233 1788 1389 1870 quisnam
1408 1786 1437 1849 sis

317 1891 495 1957 reuelemns
526 1893 557 1957 et
580 1893 664 1976 quod
686 1894 728 1958 sit
750 1892 879 1977 dignum
903 1892 1077 1958 antichristi
1099 1893 1248 1957 umbram
1273 1892 1311 1955 te
1340 1889 1437 1955 calcari

319 1994 474 2059 acunotis
491 1996 606 2061 Christi
621 1996 785 2061 militibus.
809 1999 865 2079 qai
887 2018 944 2080 me,
966 1996 1079 2079 inquis,
1099 1994 1227 2077 ¹calcare
1248 1995 1457 2077 pormanet

315 2096 363 2161 illi
393 2118 485 2181 quos,
520 2117 577 2163 eur
610 2118 643 2164 se
677 2099 871 2165 Christianos
904 2098 1076 2178 fateantur,
1111 2098 1303 2163 carceribus
1338 2098 1436 2163 retines

316 2203 466 2281 reclusos,
490 2201 676 2285 patrimonio
698 2203 814 2284 prinas,
843 2202 921 2267 iacis
946 2202 1092 2280 extorres,
1115 2202 1260 2283 torques,
1287 2200 1435 2266 interficis.

317 2306 387 2371 hinc
411 2324 467 2371 nos
488 2305 660 2371 insolentes
684 2324 752 2370 esse
776 2322 902 2383 censes,
933 2304 1016 2387 quad
1039 2304 1167 2368 cunctos
1190 2306 1288 2370 nobis
1315 2304 1434 2369 creditos

318 2410 521 2491 deprecemur
550 2407 667 2473 dioboli
696 2408 820 2471 calcare
854 2407 963 2489 caput,
999 2406 1169 2489 sacrilegos
1204 2409 1348 2473 conatus
1379 2409 1434 2470 tuos

316 2514 435 2578 uirtute
468 2513 649 2596 passionum
682 2525 809 2578 suarum
837 2511 1006 2577 inlaturum
1035 2533 1089 2595 pro
1113 2511 1238 2578 Christo
1274 2511 1331 2577 dei
1361 2512 1454 2575 nnioco

316 2616 382 2681 filio
406 2615 563 2681 deducere
587 2616 627 2680 ed
649 2616 789 2680 nihilum.
815 2615 856 2681 eit
877 2615 936 2681 tibi
959 2618 991 2682 et
1011 2617 1068 2682 illa
1090 2617 1328 2701 gloriosissima
1350 2615 1433 2679 mater

317 2720 439 2801 septem
467 2719 578 2784 horum
608 2719 743 2783 filiorum
774 2719 925 2798 insolens,
960 2719 1034 2802 quia
1064 2719 1104 2784 ad
1131 2720 1340 2784 coamentem
1361 2719 1432 2781 tuum

316 2821 507 2886 uincendum
539 2822 727 2887 Antiochum
761 2841 834 2888 suos
866 2822 996 2887 inlicere
1031 2822 1159 2906 dignata
1191 2821 1280 2886 filios
1320 2821 1432 2885 dicens:

316 2927 418 2990 aesoio
440 2926 577 3006 qualiter
598 2925 635 2989 im
658 2930 745 2990 atero
768 2945 833 2990 meo
856 2925 1065 3008 apparuistis,
1090 2945 1188 3007 meqae
1211 2945 1269 3008 eqo
1297 2926 1432 3008 spiritam

316 3029 439 3093 doaaai
461 3029 549 3093 mobis
571 3033 600 3094 et
620 3029 723 3093 uitam
744 3034 773 3093 et
794 3027 992 3112 simpatoram
1014 3028 1259 3093 membraturam
1286 3047 1355 3092 mom
1375 3028 1452 3110 specu

213 3192 219 3206 .
317 3131 464 3221 coapepq
485 3131 538 3196 sed
558 3132 643 3196 emim
664 3131 778 3196 mandi
800 3135 930 3207 creator,
954 3131 1009 3214 qai
1030 3131 1183 3212 formauit
1198 3129 1345 3195 homimis
1360 3129 1430 3194 mati·

316 3235 447 3298 aitamm
468 3233 582 3316 quique
604 3234 745 3298 maniam
772 3237 933 3298 serutatur
956 3233 1108 3315 oripioem
1131 3235 1159 3297 et
1181 3233 1340 3313 spiritam
1361 3231 1430 3297 aobis

317 3357 387 3402 cam
416 3337 634 3401 misericordia
663 3338 779 3401 iterum
808 3336 915 3402 reddet
942 3340 972 3401 et
991 3336 1107 3413 mitam,
1141 3334 1238 3400 sirati
1269 3357 1360 3401 mama
1386 3351 1429 3398 ms

317 3442 403 3521 ipsos
429 3440 589 3521 despimtis
611 3444 742 3521 propter
768 3439 847 3521 tapes
876 3439 952 3505 cias.
989 3439 1067 3503 haee
1098 3437 1202 3503 dicere
1232 3458 1297 3505 non
1322 3439 1428 3506 destitit

316 3541 391 3606 dhis
423 3541 573 3626 religiose
603 3543 721 3621 mater,
755 3537 878 3606 fortiter
905 3541 987 3607 filios
1017 3541 1166 3624 diligens,
1200 3543 1312 3624 quoad
1345 3554 1451 3625 usqnco

317 3643 447 3709 cunctos
471 3645 660 3711 aduertisset
680 3645 871 3711 interfectos.
909 3663 965 3710 nos
988 3645 1111 3723 contra,
1139 3663 1216 3727 quos
1239 3645 1426 3728 praedixerat

417 3849 478 3904 211
494 3849 579 3904 Mach.
600 3852 625 3914 7,
645 3849 684 3904 18.
703 3850 736 3904 19
806 3849 839 3903 24
857 3849 892 3905 ib.
911 3851 935 3919 7,
953 3849 994 3904 22.
1012 3849 1046 3903 23

310 4019 314 4025 '
365 4019 580 4074 tudmiratione
598 4020 743 4090 Sabatier5
765 4021 830 4086 ἄξια
853 4020 1020 4089 θαυμασμοῦ
1043 4019 1129 4076 Lxx
1234 4023 1267 4078 11
1291 4023 1369 4078 futur'

317 4105 349 4158 17
366 4105 441 4163 iaces
509 4106 542 4160 19
560 4106 645 4177 copud
712 4109 820 4161 conatos
890 4107 924 4160 27
941 4109 1104 4162 coamentem
1125 4109 1199 4168 Vct
1216 4110 1343 4166 Porcios
1359 4109 1421 4174 cori,

316 4194 533 4246 conamentnmo
635 4191 669 4245 23
687 4192 799 4262 dignate
822 4193 857 4246 sit
880 4193 950 4248 comi.
975 4193 1120 4262 Latinius,
1144 4192 1234 4247 dicatu
1257 4196 1283 4251 V
1302 4199 1367 4250 ml

315 4275 350 4330 27
368 4279 500 4331 scmtutur
517 4278 628 4348 scripsi,
647 4279 777 4332 scrutator
797 4280 836 4335 Vc
905 4277 1034 4347 originum
1050 4295 1066 4333 o
