3050 5000
446 376 612 431 Moriendnm
630 392 686 431 esse
706 392 752 445 pro
771 376 814 429 dei
832 376 894 430 lilio.
1171 378 1238 445 293.

101 587 146 632 ac
169 566 288 645 mortis,
324 565 377 648 qni
405 584 461 647 per
487 566 521 629 to
549 563 700 647 plurimos
729 564 892 631 blanditiis
916 564 1050 648 obliquis
1072 566 1174 633 inlicit
1196 588 1233 635 ac

102 671 236 753 decipit,
271 669 325 752 qui
353 688 427 733 cum
456 668 497 733 sit
526 687 599 733 reus
626 668 724 733 totius
748 668 886 747 sceleris,
911 669 1053 751 suggerit
1076 670 1164 735 cordi
1185 672 1233 736 illi

100 774 164 838 tno
187 772 393 850 amarissimo,
416 773 453 835 ut
468 789 525 836 nos
538 771 702 852 tamquam
717 788 789 835 reos
806 770 940 837 alicuius
956 771 1094 837 criminis
1107 775 1232 873 punias.

102 877 167 942 sed
187 876 331 959 prospice
352 874 493 952 tandem,
518 873 605 955 aperi
627 873 732 939 cordis
755 873 875 952 oeulos,
898 874 930 937 in
953 874 1066 956 quihus
1080 877 1140 943 tihi
1155 879 1233 943 nihil

60 1000 82 1037 5
99 980 236 1044 luminis
259 981 317 1058 est,
341 978 398 1043 sed
421 977 521 1042 omnis
544 976 647 1059 caligo
671 978 704 1043 et
724 976 869 1059 ingentes
891 977 1040 1043 tenebrae
1055 982 1231 1060 uersentur,

102 1084 140 1147 et
162 1083 304 1147 inuenies
327 1081 411 1164 quod
433 1098 517 1145 mors
539 1080 596 1144 tuo
617 1078 722 1162 fragili
744 1079 844 1143 inlata
858 1080 1014 1162 potestate
1029 1080 1232 1165 integriorem

98 1185 232 1266 reparet
254 1184 364 1262 uitam,
388 1183 472 1265 quod
495 1184 573 1247 haec
595 1182 699 1265 magis
724 1201 780 1247 nos
804 1182 942 1247 deducat
965 1183 1005 1248 ad
1027 1185 1161 1266 gloriam
1176 1206 1232 1269 per
1323 1172 1329 1187 ⁸

97 1287 207 1370 ignes,
229 1307 285 1370 per
305 1288 440 1371 gladios,
463 1305 518 1369 per
540 1286 670 1351 catenas
686 1304 723 1350 ac
739 1285 833 1363 ieras,
856 1304 911 1367 per
927 1286 1081 1368 quidquid
1098 1288 1231 1372 denique

98 1391 211 1455 rabies
232 1390 289 1455 tus
310 1390 444 1472 piissimi
465 1387 665 1471 imperatoris
686 1388 718 1452 in
741 1389 881 1453 nostram
904 1390 1063 1455 censuerit
1085 1392 1230 1475 ingerere

45 1514 82 1553 1o
98 1512 227 1558 necem
270 1493 394 1557 tutante
424 1493 483 1557 deo
510 1510 571 1556 non
601 1491 694 1557 modo
717 1509 779 1556 non
803 1490 1021 1573 extinguimur,
1051 1494 1108 1558 sed
1129 1497 1231 1579 magis

101 1597 202 1678 atque
223 1597 326 1677 magis
354 1595 563 1671 uiuificamur,
597 1593 651 1676 qni
680 1593 917 1659 meminerimus
945 1594 1023 1658 nihil
1047 1614 1115 1661 esse
1138 1618 1231 1681 super

97 1719 164 1764 nos
184 1699 436 1783 praeterdeum,
460 1697 543 1762 unde
566 1697 725 1761 erubescit
741 1696 862 1761 animus
880 1696 1013 1763 deuotus
1030 1700 1124 1781 atque
1138 1720 1230 1765 man-

99 1803 229 1884 cipatus
254 1802 311 1866 deo
333 1801 392 1866 tihi
413 1802 579 1883 pertham
600 1800 724 1864 mortuo
746 1800 985 1881 blasphemiam,
1010 1802 1080 1865 cani
1102 1802 1231 1869 latranti

99 1908 216 1971 contra
238 1905 415 1983 ueritatem,
438 1903 598 1969 nermihns
621 1904 704 1969 Arrii
733 1903 868 1967 scatenti
896 1904 1113 1969 succumbere.
1161 1924 1229 1970 ser·

48 2037 82 2077 1⁵
99 2028 217 2075 uorum
241 2008 356 2074 Christi
380 2008 503 2071 animae
525 2007 669 2089 quotiens
691 2007 756 2070 uim
786 2005 952 2087 diligenter
978 2025 1086 2071 ueram
1110 2010 1228 2073 erami-

99 2112 181 2176 nent
202 2112 437 2189 tormentorum,
462 2110 662 2175 considerant
683 2109 804 2173 nullum
827 2108 929 2174 maius
953 2128 1021 2175 esse
1039 2110 1229 2177 tormentum

100 2234 200 2295 quam
224 2233 243 2277 a
263 2215 296 2277 te
318 2213 491 2277 aduersarii
506 2213 605 2277 nostri
620 2230 711 2277 seruo
727 2230 855 2277 seruum
871 2212 955 2276 uinci
972 2211 1097 2279 Christi.
1121 2232 1228 2279 recor-

101 2318 217 2383 damur
232 2318 392 2383 dominnm
409 2317 542 2383 dixisse:
564 2318 594 2382 si
615 2319 687 2399 quis
700 2318 774 2381 uult
789 2321 866 2398 post
886 2336 935 2381 me
957 2318 1078 2395 occire,
1101 2317 1230 2401 obcepet

98 2442 134 2487 se
155 2422 218 2487 sibi
238 2428 267 2487 et
289 2422 381 2487 tollat
402 2441 524 2487 crucem
545 2441 640 2485 suom
662 2424 692 2485 et
711 2424 864 2502 emautur
885 2440 942 2485 me.
983 2420 1039 2502 qui
1061 2421 1146 2484 euim
1167 2443 1228 2487 uo-

54 2556 85 2596 so
100 2527 202 2591 tuerit
221 2527 367 2592 enimam
390 2543 482 2590 soom
504 2524 631 2590 solcum
653 2525 757 2605 faeere
779 2525 886 2605 perdet
908 2524 1011 2606 illam,
1042 2526 1099 2606 qui
1121 2531 1228 2592 actem

92 2629 280 2711 perdiderit
300 2630 446 2694 esiciam
467 2649 561 2693 suem
576 2633 712 2711 propter
726 2648 775 2693 me
789 2629 930 2693 inueniet
946 2648 1024 2692 eom.
1048 2629 1228 2709 quidecim

96 2731 229 2809 prodest
249 2729 382 2812 bmutoi,
405 2730 435 2792 si
455 2732 563 2793 totam'
576 2728 733 2794 muudum
747 2727 896 2811 lueretur,
920 2729 1048 2796 cuimoe
1062 2753 1138 2799 cero
1152 2753 1229 2804 suae
1329 2718 1332 2727 ¹

100 2833 327 2896 detrimentum
342 2833 517 2913 potietur?
539 2835 597 2896 out
617 2852 715 2913 quom
735 2831 826 2896 dubit
846 2831 935 2896 iwerw
952 2839 1228 2906 commutationem

101 2938 231 3001 animae
259 2936 362 3000 suos?
393 2934 535 3019 mamyrii
567 2934 655 3016 cogit
677 2933 825 3016 dignitas,
861 2936 896 2998 ut
925 2937 1025 3002 uitam
1056 2940 1228 3008 Christiani

56 3067 86 3106 ss
99 3040 204 3103 morte
231 3039 485 3118 condemnemus,
516 3037 671 3121 siquidem
699 3057 816 3103 nouum
844 3039 955 3106 salutis
977 3059 1075 3124 genus
1097 3063 1153 3126 per
1177 3046 1228 3112 dei

101 3145 205 3212 filium
227 3145 322 3210 inemt
342 3145 496 3211 tributum
518 3146 650 3210 interire
672 3165 711 3210 ce
728 3165 869 3226 peream.
892 3146 1036 3212 nouimus
1058 3148 1138 3212 hanc
1158 3167 1227 3216 esse

101 3250 194 3315 nohis
215 3249 366 3312 traditam
389 3249 540 3314 diuinitus
563 3248 771 3331 disciplinam,
795 3250 831 3314 nt
853 3249 919 3315 sine
943 3250 1007 3316 ullo
1029 3251 1148 3317 terrore
1163 3254 1225 3318 mi·

100 3356 192 3420 litiae
220 3353 286 3418 uim
313 3355 459 3418 tueamur
486 3353 567 3418 tanti
594 3354 743 3432 nominis,
774 3355 886 3436 quippe
910 3372 987 3436 quos
1015 3353 1227 3438 iampridem

104 3459 253 3524 aeternae
284 3456 455 3521 memoriae
494 3454 651 3537 cupiditas
682 3456 870 3521 abstraxerit
900 3476 918 3520 a
949 3457 1105 3524 desiderio
1135 3461 1226 3526 istius

60 3563 185 3628 solacis
215 3579 356 3643 quosque
392 3560 433 3624 ad
467 3541 622 3624 calcanda
650 3560 755 3624 omnia
788 3560 913 3624 terrena
944 3561 1062 3626 Christi
1091 3563 1227 3631 societas

104 3664 288 3748 segregarit
327 3663 456 3741 crescit,
490 3662 684 3742 Constanti,¹
701 3662 899 3730 crudelitatis
920 3665 996 3729 tuae
1018 3685 1138 3749 pugna;
1170 3669 1227 3734 sed

205 3819 239 3872 18
255 3817 353 3872 Mutila
371 3817 412 3882 16,
430 3816 533 3870 24—26
605 3819 639 3870 24
657 3816 733 3888 Cypr.
752 3817 927 3887 app.11131,
945 3817 962 3872 9
980 3835 1018 3888 sq.
1098 3821 1131 3874 27
1150 3822 1226 3892 Cypr.

101 3905 308 3974 mmmm

154 4013 271 4084 iocnlis
351 4023 419 4080 nibil
436 4031 505 4081 m.1
586 4025 767 4080 bacaluminis
850 4028 1014 4095 irepaosret
1094 4042 1153 4095 pero

104 4133 137 4186 10
155 4101 320 4201 extinguitur
417 4131 449 4184 16
466 4132 634 4200 tormentum]
652 4133 785 4185 tormenta
879 4131 911 4186 18
929 4131 952 4184 si
969 4131 1026 4199 quis
1115 4131 1148 4184 25
1167 4147 1226 4187 eon-

102 4217 255 4273 demnemas
278 4218 382 4287 scripsi
405 4217 452 4284 (ef.
477 4217 559 4306 Cypr.
585 4218 602 4271 t.
626 4219 671 4285 c),
699 4220 896 4272 contemnamus
923 4219 969 4285 Vo,
996 4217 1088 4270 contra
1110 4231 1225 4273 emamus

104 4305 325 4361 concitaturus
402 4303 436 4357 26
454 4305 568 4373 peream]
581 4304 680 4373 possim
696 4305 767 4360 coni.
781 4305 993 4374 Lugdunenses,
1011 4315 1146 4372 pereamus
1158 4305 1225 4372 sort.
