3050 5000
349 378 391 432 De
403 338 462 433 -non
479 379 610 450 parcendo
627 380 657 433 in
674 379 752 434 deum
770 379 990 449 delinquentibus.
1162 382 1225 447 279

90 567 185 634 ditos
213 588 270 636 uos
299 569 413 636 debere
444 589 513 635 esse
539 571 572 635 in
599 570 690 636 bonis
719 570 880 654 operibus,
914 589 975 646 non
1002 547 1034 633 in
1056 572 1159 635 malis.
1198 571 1226 636 si

90 674 218 738 bonum
235 673 283 737 cst
305 691 392 755 opus,
415 674 451 737 ut
474 674 636 739 absentem
657 674 885 751 interimamus,
908 674 944 738 ut
957 674 1134 739 inauditum
1148 694 1225 758 pur-

90 794 178 857 gare
207 795 242 841 se
270 775 519 859 proclamantem
546 795 711 856 nocemus,
742 778 779 842 ut
809 796 879 841 eum
906 796 1001 859 quem
1028 778 1227 844 innocentem

91 879 221 946 scimus
255 880 436 945 omittentes
476 900 600 945 omnem
637 882 817 963 respectum
850 880 1087 946 misericordiae
1118 882 1226 945 tecum

59 982 283 1061 eponiamus,
313 982 341 1047 si
363 1002 441 1066 opus
463 984 580 1049 bonum
603 984 652 1048 est
673 1001 789 1065 negare
820 982 870 1047 dei
897 984 1025 1049 unicum
1052 982 1168 1063 filium,
1200 985 1227 1049 si

90 1104 184 1167 opus,
203 1085 261 1150 deo
285 1086 452 1169 acceptum
474 1088 523 1152 est
546 1087 752 1169 apostolicam
775 1088 920 1153 deserere
935 1088 1041 1166 fidem,
1066 1088 1225 1169 suscipere

89 1190 302 1269 haereticam,
325 1190 439 1255 merito
463 1190 585 1255 diceres
607 1190 717 1255 contra
739 1209 900 1255 sacrarum
923 1192 1027 1256 facere
1049 1210 1100 1255 me
1123 1190 1225 1273 scrip-

88 1294 242 1357 turarum
263 1293 392 1359 monita.
417 1291 499 1357 addo
521 1291 611 1370 illud,
636 1291 720 1375 quod
741 1292 868 1358 illorum
882 1294 1057 1376 principum
1074 1294 1105 1357 et
1119 1294 1225 1375 magi-

91 1398 259 1461 stratuum
282 1396 443 1479 apostolus
465 1395 577 1460 fecerit
597 1395 805 1473 mentionem,
837 1396 890 1478 qui
913 1395 1047 1461 necdum
1070 1396 1225 1461 credidis-

46 1516 76 1554 10
92 1501 171 1565 sent
192 1501 225 1565 in
247 1499 376 1563 unicum
399 1498 451 1563 dei
472 1498 589 1577 filium,
617 1498 727 1579 utique
748 1498 928 1563 humilitate
950 1500 1057 1564 nostre
1081 1498 1113 1563 et
1134 1516 1226 1563 man-

94 1603 269 1669 suetudine
293 1603 325 1666 et
345 1602 441 1685 longa
461 1602 494 1667 in
517 1601 661 1672 aduersis
691 1601 844 1683 patientia
868 1602 899 1666 et
920 1601 1058 1666 maxima
1078 1602 1110 1667 in
1132 1602 1226 1666 rebus

92 1707 247 1789 congruis
263 1705 463 1772 oboedientia
476 1705 611 1771 tuissent
624 1705 788 1786 prouocati
805 1704 847 1769 ed
860 1705 1061 1770 credendum.
1086 1705 1227 1769 ceterum

94 1811 125 1875 si
148 1808 196 1888 tu',
221 1811 295 1892 quia
316 1808 487 1891 imperator
510 1808 564 1886 sis,
587 1808 709 1891 fingens
730 1810 764 1873 te
786 1828 882 1873 unum
906 1829 923 1874 e
945 1809 1035 1873 nobis
1057 1826 1155 1890 cogas
1170 1825 1226 1872 uos

94 1913 196 1978 deum
225 1912 442 1995 derelinquere
472 1912 505 1977 et
529 1912 743 1977 idololatriam
777 1913 952 1994 suscipere,
986 1911 1138 1994 numquid
1168 1912 1226 1976 ad-

52 2030 80 2069 15
95 2017 328 2101 qrriescendum
348 2016 408 2081 tibi
431 2016 500 2094 erit,
523 2035 562 2081 ne
587 2017 720 2099 apostoli
741 2018 966 2099 praetermissa
980 2016 1076 2081 fuisse
1092 2014 1226 2079 uidean-

93 2122 151 2185 tur
174 2121 364 2203 praecepta?
387 2120 548 2183 ettamen
569 2120 615 2197 tu,
639 2119 693 2201 qui
714 2120 748 2182 te
768 2118 861 2201 fingis
885 2117 1108 2195 Christianum,
1133 2116 1226 2182 chn-

69 2285 72 2291 .
96 2224 223 2288 stianos
244 2221 409 2304 temptaris
431 2221 516 2303 quod
537 2220 605 2303 ipse
628 2223 671 2287 sis
693 2222 822 2301 facere,
837 2224 896 2286 hoc
922 2222 970 2286 est
993 2220 1168 2302 apostatas,
1191 2219 1227 2281 tu

97 2326 155 2408 qui
186 2325 287 2389 adhuc
318 2324 434 2389 stultus
463 2324 506 2388 sis
535 2325 567 2387 et
598 2323 793 2389 incredibilis
829 2341 1014 2405 permanens
1041 2322 1073 2386 in
1103 2320 1228 2385 malitia

95 2431 172 2509 tua,
201 2430 234 2493 in
257 2448 319 2512 qua
342 2430 374 2493 et
395 2446 452 2494 nos
474 2426 571 2491 fuisse
600 2428 671 2491 anto
701 2426 908 2510 agnitionem,
944 2426 1015 2489 ante
1048 2424 1227 2508 susceptam

56 2546 83 2586 ³⁰
98 2552 228 2598 sacram
249 2532 346 2597 fidem
369 2531 530 2614 apostolus
553 2529 638 2595 dicit.
662 2530 695 2594 in
717 2531 831 2612 quibus
853 2531 912 2596 tibi
933 2531 1138 2612 temperaturi
1155 2549 1226 2594 cra·

95 2656 189 2714 mus,
218 2635 278 2700 nisi
299 2637 335 2699 ut
357 2653 438 2718 quae
460 2635 550 2698 licita
573 2635 679 2698 essent
706 2633 932 2714 impleremus?
966 2636 1021 2697 aut
1043 2652 1116 2697 cum
1139 2633 1227 2697 dicas

97 2740 145 2818 tu,
162 2741 347 2822 blaspheme
359 2738 533 2803 homicida:
555 2743 662 2804 necate
676 2739 834 2803 medentes
848 2739 885 2803 tn
900 2739 1031 2803 aemam
1046 2738 1096 2802 det
1109 2737 1226 2821 filiam,

98 2847 197 2907 estote
223 2861 343 2907 mecam
369 2845 581 2923 persecutores
606 2840 719 2906 comm
747 2841 833 2921 eius,
868 2861 987 2906 meam
1013 2845 1122 2924 nepote
1145 2859 1225 2922 cam,

94 2945 311 3027 apostoticam
339 2946 475 3027 respuite
501 2944 610 3027 fidem,
637 2945 789 3026 soscrptte
811 2945 966 3011 haeresem
987 2964 1105 3024 mecm,
1136 2945 1228 3010 oetas

59 3057 85 3097 ²⁵
101 3069 156 3131 epo
180 3047 329 3113 omnibus.
345 3047 470 3112 ratribus
491 3047 595 3113 cordis
615 3049 678 3112 met
699 3049 791 3112 cettte'
813 3053 951 3125 amator,
986 3047 1056 3130 quis
1083 3047 1116 3111 te
1143 3045 1226 3123 infe-

99 3151 193 3215 licior
223 3151 285 3229 est,
314 3149 441 3215 utnon
466 3149 499 3215 te
527 3150 623 3238 uitet,
652 3169 712 3214 non
739 3151 773 3214 te
801 3153 879 3215 haec
908 3151 1013 3214 facere
1042 3150 1233 3215 suadentem·

101 3253 292 3316 daemonum
313 3251 467 3333 templum
490 3270 559 3316 csse
582 3269 776 3333 cognoscens
796 3252 918 3335 fugiat?
942 3253 1016 3335 quis
1031 3255 1109 3318 haec
1127 3251 1227 3329 audis,

101 3355 199 3420 dicis:
236 3356 396 3419 intortam
415 3357 528 3438 potior
550 3376 572 3419 a
595 3355 741 3436 [moisem
770 3357 896 3422 tomice
924 3359 1036 3421 misero
1065 3363 1093 3420 et
1120 3358 1228 3438 atique

100 3459 286 3542 imperator,
315 3476 376 3522 nou
398 3457 600 3540 subsequitur
623 3476 725 3523 sermo
747 3459 802 3523 ille
823 3459 898 3524 tuus
920 3458 1123 3541 blasphemus
1149 3477 1226 3523 con-

61 3570 89 3609 ³⁰
102 3560 284 3641 spurcatus:
308 3561 406 3626 ordio
428 3581 509 3642 paee
530 3581 646 3625 mercor
667 3582 689 3626 a
710 3562 860 3643 Damfcro
882 3563 1004 3628 comtos·
1026 3561 1192 3629 sacerdote.

143 3663 312 3728 XXXIIII.
349 3663 472 3729 Galatis
496 3683 554 3729 uas
577 3664 755 3743 electionis,
786 3667 899 3746 miror,
928 3666 1045 3749 inquit,
1074 3665 1157 3747 qaod
1183 3666 1228 3730 stc

103 3770 169 3830 tom
191 3767 252 3831 cito
273 3767 527 3849 transferimini,
558 3769 614 3850 qai
636 3789 692 3834 coos
713 3771 844 3834 aocoatt
865 3771 903 3835 trs
923 3771 1048 3854 pratia,
1077 3775 1115 3833 trs
1136 3767 1228 3834 ettad

203 3919 239 3974 31
256 3918 314 3975 Gal.
333 3920 357 3984 1,
376 3921 444 3974 6-9

153 4058 170 4110 2
189 4059 374 4112 interemamus
443 4060 460 4112 8
477 4059 538 4112 illut
607 4059 641 4111 10
657 4061 688 4112 ut
705 4060 724 4112 ii
743 4075 843 4128 quoque
856 4061 926 4114 corsi.
942 4060 1121 4123 Galloadc'as,
1139 4058 1229 4126 utique

104 4143 176 4196 ideae
195 4161 252 4198 csse
271 4146 345 4213 quod
364 4148 391 4198 et
410 4146 453 4214 qui
470 4147 560 4214 utique
578 4162 636 4198 aoso
655 4147 814 4216 intelteperss
900 4145 934 4198 24
952 4146 1048 4212 cutilias
1129 4143 1161 4195 25
1180 4159 1228 4212 ego

104 4262 126 4299 s.
144 4248 160 4300 l.
178 4265 212 4301 m.
231 4248 280 4301 att.
340 4228 382 4300 Ἰ26
401 4246 520 4301 nonnev
579 4221 706 4302 ·28'isoro
776 4250 808 4303 31
827 4248 918 4318 inquid
990 4247 1024 4300 32
1041 4220 1229 4302 transferimini

109 4332 138 4399 V,
155 4332 350 4387 transferamini
367 4352 397 4402 o;
415 4333 449 4387 ab
469 4351 499 4388 eo
517 4335 583 4390 edd.
603 4335 740 4390 Lotirco'es
811 4335 876 4389 aliut
