3050 5000
329 389 371 442 De
388 404 441 441 non
458 387 588 457 parcendo
604 364 635 441 in
653 387 731 441 deum
748 387 969 457 delinquentibus.
1151 389 1219 475 245¹

85 574 230 655 meliosi,
263 576 316 659 qui
338 575 414 640 licet
434 577 616 658 peccatores
637 576 744 643 tamen
768 577 909 644 sanctam
930 577 1094 643 teneamus
1115 576 1212 645 fidem

88 680 304 761 apostolorum
333 680 426 763 atque
452 679 578 745 illorum
603 680 788 765 poprdornm
818 680 871 763 qui
900 680 1065 745 credentes
1088 679 1213 745 lucrant

85 782 122 845 in
145 782 272 847 unicum
301 781 351 846 dci
376 782 498 848 filium?
531 802 604 847 cum
634 784 784 867 apostolis
813 782 931 849 idcirco
963 781 1104 866 superbi,
1139 782 1213 864 quia

86 904 203 951 nocem
230 885 318 951 tuam
348 887 525 969 apostatae,
561 888 634 969 quia
660 887 798 952 terrores
826 888 896 953 tuos
925 886 1071 969 sacrilegi
1094 885 1212 953 Christi

54 1012 73 1050 s
86 987 208 1053 milites
232 987 383 1055 ducamus
404 1007 459 1074 pro
482 989 593 1068 nihilo,
618 990 691 1073 qnia
715 990 764 1055 dei
788 989 888 1055 filium
911 1008 1022 1055 uerum
1044 988 1095 1055 dei
1116 1007 1211 1078 prae-

89 1090 233 1155 dicemus
260 1090 375 1170 filium,
409 1092 491 1156 sicut
517 1092 770 1174 praedicanerint
791 1092 967 1160 beatissimi
989 1082 1131 1175 apostoli.
1167 1091 1211 1156 sic

86 1211 148 1257 nos
169 1193 227 1257 tibi
248 1194 386 1276 proterui
407 1193 587 1277 petulantes
610 1195 735 1279 superbi
749 1195 903 1275 uidemur,
926 1195 963 1259 ut
977 1194 1104 1259 Iudaeis
1118 1192 1210 1259 uide-

85 1295 204 1360 bantur
227 1295 418 1361 sanctissimi
441 1297 590 1379 apostoli,
613 1297 742 1380 quibus,
766 1298 794 1363 si
815 1297 907 1363 hodie
929 1296 1063 1364 finissent
1076 1286 1116 1361 ¹in
1139 1314 1211 1361 ccr-

85 1398 227 1480 poribus,
255 1400 403 1481 potueras
430 1400 507 1464 haec
539 1399 643 1465 dicero
673 1419 753 1483 quae
785 1400 924 1483 dignans
955 1400 1059 1465 dcere
1083 1398 1124 1465 ad
1145 1418 1211 1465 nos.

34 1528 71 1569 ιο
86 1501 267 1567 innenimus
290 1503 405 1567 etenim
427 1521 550 1586 semper
571 1495 774 1586 praeceptum
797 1504 842 1568 eis
866 1522 917 1568 ore
941 1503 1209 1585 comblasphemo-

85 1624 160 1669 rum
181 1605 306 1672 tnorum
329 1606 511 1685 scribarum,
535 1606 785 1685 Pharisaeorum,
814 1606 989 1689 principum
1014 1606 1108 1688 atque
1130 1624 1210 1687 pon-

85 1706 185 1773 tificis
207 1708 405 1788 Iudaeorum,
432 1727 471 1772 ne
496 1707 645 1773 docerent
666 1728 747 1774 neno
770 1708 989 1791 praedicarent
1010 1707 1137 1772 unicum
1160 1707 1211 1772 dei
1319 1710 1322 1719 “

86 1808 205 1887 filium;
237 1811 343 1876 tamen
375 1809 450 1895 qnid
478 1810 527 1875 illi
555 1810 687 1876 fecefint
717 1811 824 1895 accipe
855 1812 957 1877 adhuc
988 1829 1069 1893 quae
1096 1811 1213 1893 scripta
1322 1846 1324 1853 ·

88 1914 178 1994 sunt,
214 1932 253 1979 ue
274 1913 354 1979 forte
376 1914 477 1997 possit
498 1913 635 1979 tenebris
658 1914 834 1997 saginatum
857 1932 910 1979 oor
931 1914 1021 1979 tuum
1044 1912 1211 1996 aliquando

35 2032 71 2097 ³⁵
88 2016 132 2081 ad
153 2015 323 2092 uidendam
346 2015 461 2081 adduci
482 2016 667 2081 uoaaaoom:
695 2038 757 2099 per
779 2038 897 2083 manus
919 2019 1134 2099 apostolorum
1154 2018 1224 2097 pte--

86 2122 167 2185 dant
188 2123 282 2203 sipnu
305 2126 333 2187 et
350 2121 501 2203 prodipia
522 2122 626 2185 malta
651 2121 689 2185 in
710 2121 813 2203 plebe.
851 2125 879 2185 et
902 2124 995 2190 erant
1017 2138 1079 2185 uno
1103 2120 1211 2185 animo

87 2244 194 2289 omnes
215 2226 253 2289 in
275 2227 405 2307 porticu
427 2226 620 2307 Satornonis,
647 2230 819 2292 ceterorum
841 2230 945 2293 autem
966 2246 1055 2292 nemo
1077 2226 1210 2291 midebm
1293 2258 1297 2267 ·

87 2328 134 2392 ad
155 2326 236 2393 illos·
250 2329 408 2406 accedere,
428 2330 481 2395 sed
502 2329 728 2413 mapnisieabat
749 2330 821 2397 illos
838 2329 934 2412 plebs.
967 2330 1128 2413 caepisque
1150 2328 1209 2394 ud·

86 2430 245 2496 dedantur
274 2432 429 2499 credentes
458 2434 586 2500 domino
613 2433 786 2500 multitudo
808 2435 952 2500 uirorum
974 2453 1011 2499 ae
1032 2432 1210 2512 mulierum,

34 2557 70 2597 ao
86 2535 139 2598 ita
159 2537 197 2598 ut
216 2535 387 2628 inpleteis
408 2538 542 2603 eicerent
562 2539 708 2620 infirmos
729 2543 759 2604 et
780 2540 967 2621 inponerent
988 2539 1024 2602 in
1041 2537 1163 2604 lectulis
1182 2541 1211 2600 et
1268 2533 1272 2542 ’

84 2636 248 2724 prabatis,
283 2643 317 2702 ut
347 2641 490 2706 ueniente
512 2639 608 2706 Petro
629 2641 681 2707 nel
708 2642 822 2707 umbra
849 2633 1046 2706 inumbraret
1073 2641 1210 2724 aliquem
1232 2689 1235 2696 .

87 2761 206 2807 eorum
228 2746 257 2806 et
280 2741 497 2808 liberabantur
520 2745 559 2808 ab
580 2745 768 2827 infirmatam
790 2765 858 2810 sua.
887 2745 1090 2811 concurrebat
1106 2748 1211 2809 autem

87 2843 261 2909 multitudo
282 2845 467 2912 aminarum
489 2847 656 2913 ciuitatum
670 2849 874 2914 Hierusalem
885 2854 1051 2930 portantes
1065 2848 1211 2931 infirmos
1245 2915 1249 2924 ,

87 2953 118 3012 et
142 2967 191 3014 eos
213 2949 269 3030 pai
291 2970 312 3015 a
335 2949 499 3032 spiritibus
521 2951 689 3017 inmundis
710 2952 918 3036 uexabantur,
943 2957 971 3016 et
993 2971 1096 3016 mnaes
1110 2971 1209 3018 sann-

36 3069 69 3110 as
86 3051 217 3116 buntur.
256 3070 423 3136 easnrpens
451 3057 555 3119 autem
577 3055 730 3137 princeps
757 3056 954 3121 sacerdotum
976 3059 1004 3118 et
1026 3073 1131 3121 omnes
1153 3055 1209 3135 qui

86 3155 240 3222 camillo
263 3161 356 3222 erant
384 3156 521 3222 haeresis
552 3157 808 3226 Sadducaeorum
837 3157 948 3240 repleti
976 3161 1049 3222 sumt
1078 3157 1208 3222 inuidia

86 3264 118 3323 et
141 3259 315 3325 iniecerunt
335 3280 451 3328 meam
472 3251 622 3344 apostolis
642 3265 671 3326 et
686 3265 865 3344 posuerunt
880 3259 952 3324 illos
975 3260 1011 3325 in
1027 3259 1209 3324 custodiam.

86 3361 222 3444 capetus
238 3368 344 3427 uuum
365 3364 489 3431 domini
510 3365 638 3448 apernit
658 3365 778 3429 innuas
801 3364 937 3429 carceris
958 3367 987 3426 et
1009 3362 1117 3426 educit
1135 3361 1209 3426 illos

85 3467 214 3540 dicens.-
235 3467 277 3533 ite
298 3471 328 3532 et
349 3470 467 3533 stantes
489 3468 526 3533 in
547 3468 660 3552 templo
683 3467 854 3552 loquimini
868 3466 911 3531 ad
927 3466 1087 3548 populum
1102 3467 1209 3530 omnia

36 3584 68 3624 ³0
84 3568 188 3633 uerba
215 3569 303 3634 uitae
331 3568 436 3636 baius.
474 3590 545 3635 mom
566 3568 642 3634 laec
669 3571 776 3653 itaque
806 3570 985 3654 audissent,
1018 3571 1212 3636 introierunt

84 3671 145 3736 sab
167 3670 235 3736 lnce
251 3673 294 3736 ln
316 3673 465 3754 templum
486 3677 516 3737 et
536 3673 698 3740 dominat..
731 3673 905 3738 adueniens
932 3677 1036 3750 autem
1058 3673 1210 3755 princeps

85 3761 286 3839 sacerdotum
307 3775 412 3855 etqui
434 3794 504 3838 cnm
526 3794 560 3840 eo
581 3779 674 3839 erant
702 3780 954 3841 mnuoememnt
984 3774 1155 3840 concidam
1181 3779 1211 3840 ei

190 3962 225 4020 15
241 3962 299 4016 Act.
320 3963 344 4030 5,
364 3961 464 4015 12-29

140 4136 173 4188 14
191 4136 233 4204 pe]
253 4136 376 4211 anicani.
397 4135 567 4190 Gallmidius
636 4137 776 4206 aliqnando
795 4153 879 4192 omo
950 4138 981 4189 17
1000 4138 1141 4192 solomonis
1206 4167 1208 4174 ‹

83 4222 255 4275 clericatis
332 4222 366 4274 24
384 4222 496 4290 spiribns
514 4229 582 4278 m.1
663 4223 696 4278 26
714 4223 902 4278 sadduceorum
982 4225 1015 4278 29
1034 4223 1069 4276 ad
1085 4223 1209 4291 populum

83 4327 172 4364 omo
242 4309 276 4362 30
292 4317 356 4379 poet
374 4311 457 4365 uerba
474 4314 491 4365 5
509 4311 620 4365 litterae
638 4327 709 4366 erus.
789 4385 794 4396 ¹
