3050 5000
338 340 402 406 250
827 340 972 395 Luciferi

338 528 510 609 ecferetur.
533 547 644 593 acram
658 533 764 595 tamea
786 530 933 595 inimicos
954 548 1037 595 meos
1051 530 1133 615 citos,
1157 532 1216 613 qui
1231 532 1421 600 potueruntne

337 648 470 713 reperere
491 648 586 711 saper
607 648 648 715 cc,
671 631 820 696 adducite
842 628 903 695 tac
924 632 954 695 ct
974 632 1141 714 interficite
1163 636 1243 699 ante
1266 654 1320 699 oce.

380 731 465 798 xm.
502 731 622 815 Nempe
652 732 678 797 si
706 732 740 798 te
771 751 831 798 non
864 734 1052 812 mutaueris‚
1087 752 1168 799 unns
1192 734 1258 801 eris
1282 752 1317 799 er
1336 735 1374 801 his
1390 738 1422 819 qni

339 835 473 899 interfici
495 835 619 900 inerunt
640 835 726 900 inssi.
755 836 827 900 hino
850 836 1003 918 superbus
1026 835 1135 902 uideor
1157 837 1230 913 tibi,
1255 837 1327 919 qnia
1345 838 1370 901 to
1387 858 1423 901 cn-

338 938 422 1021 piam
443 955 504 1002 non
525 938 669 1016 interfici,
693 939 767 1020 quia
790 939 848 1003 sim
864 940 1013 1022 exoptans
1031 938 1101 1025 <in>
1118 938 1175 1003 illa
1191 939 1361 1022 quantitate
1374 941 1440 1005 nius

339 1040 516 1119 commissa
540 1057 633 1123 quum
656 1042 747 1122 cupio
770 1041 982 1124 multiplicari,
1004 1038 1037 1106 to
1059 1056 1184 1125 quoquo
1209 1042 1347 1107 inueniri.
1378 1045 1423 1125 quin

337 1142 396 1207 tali
425 1143 519 1209 modo
547 1144 653 1208 tecum
683 1160 832 1226 geremus
860 1144 989 1221 luctam,
1020 1144 1165 1210 uidemur
1187 1145 1252 1210 tibi
1274 1144 1384 1224 inimici,
1404 1147 1423 1210 ii

339 1246 392 1328 qui
412 1246 615 1329 praeceptum
636 1246 807 1311 retinentes
828 1247 914 1311 beati
938 1246 1069 1330 apostoli
1094 1248 1312 1313 indesinenter
1337 1249 1423 1330 proptu

338 1349 427 1413 tuam
449 1346 698 1414 incolumitatem
720 1350 889 1415 fundamus
910 1364 1045 1433 precem.
1084 1351 1206 1417 obsecro
1237 1351 1337 1435 ipdar
1352 1353 1423 1432 prino

339 1452 481 1517 amntem
501 1453 574 1535 ficri
595 1453 816 1519 macerationes
838 1456 997 1520 orationes
1020 1454 1259 1537 postadotiones
1282 1454 1440 1537 maimoni

263 1542 269 1555 ’
340 1559 475 1619 actiom
499 1575 561 1636 pro
590 1557 734 1622 omuibus
760 1556 939 1623 dominatae
961 1576 1024 1640 pro
1045 1556 1169 1641 tepidas
1189 1562 1222 1623 et
1245 1558 1374 1621 emanire
1389 1558 1423 1637 qui

337 1658 376 1721 io
396 1656 586 1723 ecctltmttatc
607 1663 691 1736 eunt,
715 1664 753 1723 cot
774 1660 988 1743 tranquillam
1003 1666 1031 1724 et
1053 1660 1192 1743 quietam
1207 1660 1314 1725 uitem
1327 1678 1423 1743 monos

340 1779 411 1824 com
429 1761 549 1841 pietate
570 1765 598 1824 ct
618 1762 790 1844 pronitate.
812 1762 868 1827 toc
878 1763 968 1827 caim
982 1763 1097 1827 tonum
1119 1766 1149 1827 et
1170 1766 1334 1845 occeptum
1352 1780 1422 1827 caen

339 1863 478 1927 solutari
506 1868 612 1928 nostro
639 1864 709 1944 deo,
744 1865 929 1945 quiesceres
957 1864 1097 1929 hmines
1117 1864 1189 1929 ecit
1211 1860 1423 1946 satccoe'fioict

340 1966 382 2031 od
403 1967 596 2049 aperitionem
617 1967 766 2031 ueritatis
788 1968 907 2035 uenire.
945 1966 1092 2031 uidemur
1117 1964 1177 2032 tibi
1204 1966 1326 2031 inimici
1349 1964 1438 2047 niq'o

339 2069 370 2133 te
394 2068 583 2152 agnitionem
604 2069 749 2135 ueritatis
772 2070 915 2153 cupimus
937 2070 1101 2153 consequi;
1126 2070 1378 2136 contumeliosum
1392 2086 1421 2133 nc

339 2170 433 2251 dicis,
468 2172 542 2254 quia
565 2172 669 2237 dicam
691 2190 772 2255 quoe
794 2174 869 2238 tuae
893 2173 925 2237 et
945 2192 1035 2238 meae
1058 2173 1239 2239 conteeant
1265 2174 1361 2238 sadud.
1388 2170 1421 2234 set

337 2274 415 2338 hacc
445 2293 569 2357 quoque
600 2274 798 2341 adseueratio
827 2276 900 2354 tua,
937 2295 1016 2358 quae
1047 2276 1182 2341 adstruit
1202 2295 1257 2341 me
1279 2276 1334 2342 tibi
1352 2276 1420 2339 iacere

270 2384 275 2393 ’
337 2378 493 2457 iniuriam,
517 2377 655 2444 osseus
675 2379 708 2443 te
729 2378 958 2461 inprudentem.
991 2380 1156 2444 sietenim
1178 2379 1295 2445 finisscs
1316 2378 1420 2461 prudens,

336 2481 436 2564 primo
458 2501 629 2565 numquam
650 2479 825 2566 saofilegus
846 2482 989 2566 repertus
1011 2480 1134 2562 fuisses,
1163 2482 1280 2548 deinde
1302 2482 1436 2564 conopon

339 2603 498 2664 sacrarum
531 2585 708 2651 litterarum
741 2585 952 2671 auctori<tete
983 2585 1235 2671 temperen>tem
1264 2587 1296 2651 te
1316 2586 1370 2650 ian
1385 2586 1420 2648 ho·

337 2686 454 2751 minem
486 2688 699 2768 praebuissem
739 2688 773 2752 at
805 2707 902 2767 nunc,
936 2688 1010 2771 quia
1043 2689 1086 2754 sis
1116 2689 1309 2772 inprudens,
1341 2685 1419 2752 dicent

338 2789 396 2853 usi
412 2788 571 2874 episcopo:
594 2791 777 2873 aspector,
789 2791 932 2873 procide
954 2791 1053 2857 saluti
1076 2795 1164 2872 aaa
1186 2811 1219 2857 ee
1241 2794 1326 2858 caim
1344 2792 1419 2872 iopa-

337 2892 420 2956 titos
440 2894 578 2958 sardeis
598 2895 748 2959 cocleam
762 2898 891 2959 tuorum
910 2899 1154 2979 praependentes,
1180 2893 1279 2960 dieis':
1301 2899 1418 2960 coutume-

339 2993 421 3058 ic'am
443 2995 523 3059 miti
544 2995 635 3076 facis.
666 3000 888 3061 testaceorum
910 2996 975 3074 deo,
999 2995 1078 3062 dicit
1100 2995 1263 3080 apostolus
1287 2995 1436 3069 smenon

337 3101 367 3162 ct
389 3096 514 3164 Οῆντῗπο
535 3097 610 3164 Iesu
631 3103 661 3164 et
681 3099 787 3163 eiectis
809 3099 939 3182 mpetu,
962 3103 999 3164 at
1020 3099 1097 3165 daec
1117 3101 1283 3166 custodiae
1301 3101 1361 3167 'siae
1377 3097 1417 3162 dis·

338 3201 480 3276 crimine,
504 3200 589 3265 attii
610 3201 732 3282 foetores
749 3203 787 3265 in
807 3201 1060 3288 stamparum,
1082 3203 1136 3268 sed
1152 3204 1339 3284 aequitatem
1351 3204 1417 3266 custo

337 3303 416 3366 dire
458 3304 491 3367 et
515 3305 551 3368 tu
578 3304 839 3370 contumeliosum
868 3303 1008 3388 appellas
1037 3323 1125 3384 oum,
1160 3306 1216 3388 qui
1243 3307 1276 3372 te
1302 3307 1331 3372 in
1354 3301 1417 3367 tentis

338 3405 509 3471 sceleribus
531 3407 759 3491 deprehensum
782 3425 862 3472 nunc
884 3408 1040 3490 increpet,
1072 3428 1127 3473 eur
1148 3408 1206 3473 illa
1228 3409 1322 3474 fueris
1340 3413 1416 3490 perpe·

337 3507 455 3586 tuctus,
490 3527 570 3575 nunc
594 3503 813 3592 deprecetrr‚'
831 3513 868 3575 ut
892 3511 993 3577 temet
1019 3510 1094 3576 dum
1121 3510 1261 3577 facultas
1291 3512 1334 3576 cst
1356 3505 1433 3572 nano

339 3609 452 3692 eripies
480 3599 544 3678 tuis
571 3613 678 3696 sisque
704 3613 794 3693 talis,
829 3633 922 3698 qnam
950 3633 1009 3681 non
1040 3615 1118 3680 deus
1144 3616 1256 3698 puniat
1282 3615 1354 3680 inter
1372 3607 1415 3674 illos

439 3853 699 3917 ulmal-5
768 3854 950 3919 ntib.5‚21

390 4076 568 4132 dmuteberis
590 4080 620 4147 V,
638 4096 686 4134 cm.
704 4080 843 4134 Latinius
922 4080 983 4134 sun
1001 4080 1068 4134 add.
1086 4079 1225 4134 Latinius
1293 4066 1412 4164 incolum}

339 4164 423 4216 tatem
512 4164 543 4217 17
563 4163 783 4220 condicentm.1
870 4166 901 4219 21
922 4165 1078 4218 auctoritate
1095 4165 1287 4234 temperantem
1301 4164 1325 4214 te
1340 4165 1412 4222 scapo,

339 4248 493 4323 auctoritem
510 4251 539 4302 te
561 4250 591 4312 V,
610 4250 769 4304 auctoritato
787 4251 903 4305 temeto
973 4250 1120 4304 atracinus
1139 4265 1173 4304 m.
1193 4255 1210 4304 1
