3050 5000
304 380 370 482 166¹
787 408 936 463 Luciferi

301 612 359 671 tna
381 624 460 686 qnae
474 608 548 668 ante
562 602 711 685 faciebas,
734 600 883 665 indicans
900 598 1025 662 iudicia
1038 596 1173 673 iniusta,
1198 598 1230 657 et
1252 594 1445 656 innocentes
1498 650 1499 659 ,

302 708 428 789 onmem
443 706 632 789 damnabas,
655 708 800 769 nocentes
814 706 920 767 antem
936 698 1126 781 dimittebas,
1151 697 1279 763 dicente
1294 694 1444 758 domino:

302 813 496 875 innocentem
519 814 547 873 et
568 808 688 872 iustum
705 828 769 871 non
786 804 914 870 occides.
940 822 1029 867 nnnc
1044 804 1149 865 tamen
1164 799 1250 864 hanc
1269 800 1300 861 si
1317 797 1442 878 midr'sti,

304 912 355 978 dic
378 912 433 977 sub
455 933 521 994 qua
543 912 658 976 arbore
675 910 792 975 uidisti
812 926 863 972 eos
885 904 1085 971 tractantes?
1115 908 1144 967 et
1166 902 1273 968 discit:
1297 900 1361 964 sub
1386 900 1444 963 tere

305 1017 392 1081 tiseo.
415 1015 499 1079 atetr
513 1019 619 1078 autem
634 1012 792 1078 Danihel:
817 1014 896 1076 recte
918 1010 1068 1073 mentitas
1090 1027 1121 1072 es
1143 1008 1183 1070 in
1205 1009 1311 1086 caput
1335 1008 1473 1080 tuamne

305 1121 374 1186 iam
396 1121 481 1185 enim
504 1116 638 1203 nupcias
659 1116 783 1181 domini
806 1115 967 1196 accipiens
983 1116 1192 1194 praeceptam
1212 1128 1234 1172 a
1249 1108 1312 1172 deo
1328 1106 1445 1171 secabat

303 1229 332 1287 te
354 1222 501 1290 andium.
524 1227 553 1285 et
574 1240 645 1285 cum
667 1220 849 1285 remouisset
873 1218 976 1295 illurn,
1001 1216 1097 1280 iussit
1114 1212 1284 1278 nunaunt
1305 1210 1444 1274 atterum

305 1332 333 1391 ct
354 1326 439 1392 diait
461 1326 504 1390 ad
525 1346 615 1389 cunr:
638 1312 740 1387 semen
756 1322 918 1388 Chareaan
935 1326 963 1385 et
978 1340 1043 1384 non
1058 1316 1154 1399 Iuda,
1178 1316 1301 1396 speeies
1317 1313 1445 1377 sedauit

306 1432 385 1493 teet
405 1429 659 1510 concupiscentia
681 1428 796 1492 euertit
816 1445 870 1490 cor
893 1430 1002 1505 tuum;
1036 1424 1082 1487 sic
1111 1420 1282 1501 faciebatis
1311 1417 1445 1501 filiabus

307 1531 424 1611 Israel,
448 1536 476 1596 et
497 1532 576 1596 iliae
592 1530 718 1613 quidem
741 1532 884 1594 timentes
905 1526 1150 1593 concarnbebant
1172 1522 1358 1588 nobiscnm.
1397 1519 1446 1583 sed
1456 1527 1472 1567 1⁶

307 1656 372 1699 nors
393 1634 547 1699 sustinuit
574 1634 647 1717 fitia
676 1634 764 1699 Iuda
793 1633 990 1697 iniustitiam
1019 1624 1167 1695 nedram.
1214 1646 1308 1691 nnnc
1340 1628 1444 1688 antem

305 1738 356 1804 die
371 1738 461 1816 mihi,
476 1738 531 1803 snb
546 1758 611 1819 qna
626 1738 738 1802 arbore
753 1735 1006 1819 comprehendisti
1022 1754 1073 1799 eos
1084 1733 1225 1797 inuicem
1239 1726 1445 1793 tractantes?

308 1840 491 1922 respondit:
511 1843 568 1906 sub
590 1840 670 1909 ibice.
694 1842 780 1905 diait
802 1846 908 1905 antem
930 1840 983 1905 itti
998 1836 1163 1903 Danihel:
1184 1839 1265 1900 recte
1290 1832 1445 1897 mentitus

305 1965 336 2008 es
358 1948 385 2009 et
407 1949 442 2007 tu
464 1947 501 2008 in
523 1950 619 2025 capnt
642 1949 750 2022 tnnm;
785 1948 893 2007 manet
923 1942 1039 2007 etenim
1062 1938 1194 2022 anpeias
1216 1937 1270 2003 dei
1294 1936 1443 2019 pladium

304 2047 421 2113 habens
443 2048 487 2110 od
508 2048 679 2111 secandum
703 2051 731 2111 te
754 2046 903 2126 medinm,
928 2050 965 2110 ut
979 2064 1037 2110 uos
1046 2043 1173 2127 perdat.
1198 2046 1229 2105 et
1243 2038 1445 2105 exclamauit
1454 2044 1470 2083 n

303 2152 407 2215 meinis
428 2171 590 2235 synapopa
612 2171 686 2215 noce
707 2171 828 2233 mapna
858 2152 888 2214 et
915 2148 1077 2214 benedicit
1105 2138 1209 2227 deuon,
1246 2144 1308 2227 qni
1337 2144 1444 2207 saluos

302 2254 382 2333 facit
403 2260 568 2337 sperantes
591 2254 627 2318 in
650 2274 730 2320 cum.
754 2258 785 2318 et
806 2256 1013 2318 surrexerant
1035 2251 1190 2315 maerens
1212 2248 1299 2312 dnos
1310 2246 1442 2329 presby-

305 2363 394 2443 teros,
412 2361 566 2440 qnoniam
582 2358 833 2440 conprobauerat
847 2376 895 2421 eos
907 2354 1048 2422 Danihel
1060 2376 1098 2419 ea
1113 2374 1164 2419 ore
1180 2355 1332 2435 ipsorum
1347 2352 1442 2433 falsos

302 2466 401 2543 testes,
427 2466 455 2526 et
477 2461 699 2545 damnatitiis
715 2460 979 2546 quemadmodum
993 2460 1058 2543 ipsi
1074 2456 1156 2523 maie
1165 2458 1327 2542 proximo
1342 2456 1441 2538 facere

305 2565 474 2629 uoinmnnt
488 2565 660 2631 secundnm
676 2567 772 2649 bepem
788 2565 897 2649 Mopsi
912 2569 941 2630 et
956 2564 1144 2643 accederunt,
1161 2571 1190 2628 et
1205 2561 1324 2626 saluus
1339 2563 1465 2643 factust

307 2672 353 2731 est
374 2671 507 2749 sanquis
528 2671 705 2734 innocentis
728 2672 766 2733 in
787 2669 844 2733 ilio
866 2667 926 2735 die.

348 2771 403 2834 XI.
429 2771 513 2852 Quid
534 2773 733 2855 respondere,
766 2773 940 2850 Constanti,
968 2771 1168 2854 inprudentia
1189 2773 1248 2833 tna
1270 2769 1440 2852 potestat

304 2874 406 2937 haec?
429 2875 585 2957 conspicis
614 2895 670 2939 nee
693 2895 764 2940 reos
786 2877 868 2942 tanti
892 2875 1021 2941 sceleris
1043 2874 1161 2957 passim
1186 2873 1362 2937 damnatos
1388 2873 1440 2939 uisi

306 2975 450 3040 omnibus
464 2974 703 3058 diligentissime
720 2976 882 3056 discussis,
901 2979 932 3040 et
946 2978 982 3040 tu
994 2977 1027 3041 in
1044 2993 1115 3040 eum
1131 2991 1226 3058 quem
1238 2976 1440 3040 innocentem

308 3080 430 3144 sciebas
460 3079 567 3143 iubere
597 3099 656 3144 non
686 3079 855 3157 dubitasti,
892 3078 1003 3144 darent
1037 3077 1087 3142 dei
1116 3079 1305 3143 sacerdotes
1335 3079 1466 3143 mortim

308 3182 521 3246 seutentiam?
559 3181 634 3264 quid
658 3181 796 3247 audituri
820 3183 846 3247 si
869 3181 1078 3247 fecissemus?
1115 3200 1228 3263 nempe
1253 3183 1340 3247 haec
1366 3201 1440 3265 quac

307 3283 357 3348 illi
389 3283 528 3350 libidinis
563 3286 683 3367 scopuli
719 3285 1015 3372 pseudopresbyteri
1047 3283 1120 3349 falsi
1152 3285 1256 3349 testes
1293 3287 1438 3350 audiunt:

311 3389 483 3452 inueterata
516 3390 640 3453 dierum
670 3389 848 3468 matarum,
882 3409 968 3476 nnnc
997 3387 1198 3454 aduenerant
1224 3395 1363 3470 peccata
1392 3395 1439 3452 tna

310 3510 393 3572 qnae
415 3495 488 3554 ante
516 3491 664 3574 faciebas,
700 3493 851 3558 iudicans
880 3493 1003 3558 iudicia
1030 3494 1165 3577 iniusta,
1200 3497 1229 3556 et
1259 3493 1440 3558 innocentes

304 3593 435 3674 quidem
455 3593 642 3687 damnabas,
666 3601 811 3690 nocentes
826 3579 932 3662 autem
947 3589 1137 3674 dimittebas,
1161 3593 1285 3660 dicente
1300 3597 1465 3662 doninus

406 3846 441 3900 28
458 3847 527 3902 Dan.
546 3848 587 3902 52.
605 3849 639 3902 53
1344 3903 1348 3910 .

355 4070 416 4142 3si]
435 4073 458 4126 si
477 4075 535 4126 mnu
555 4069 620 4140 (tanin
635 4068 699 4141 *cap
716 4090 751 4127 m.
768 4075 834 4141 rec.)
911 4073 928 4128 6
947 4041 1056 4164 secabit
1075 4075 1089 4142 ι’
1108 4091 1143 4130 m.
1161 4075 1228 4143 rec.)
1305 4063 1342 4132 1'4
1358 4082 1438 4132 manet

302 4209 331 4256 a,
346 4209 456 4269 manens
478 4194 505 4251 V
571 4193 605 4248 23
623 4193 752 4262 conspicis
770 4209 818 4248 nee
840 4194 958 4292 ἴημα,
977 4181 1231 4276 conppicisnan
1248 4205 1380 4283 reneca

303 4295 337 4349 27
350 4297 607 4366 pseudopraesbiteri
676 4296 709 4350 29
727 4295 852 4382 iudicaris
868 4304 889 4365 (¹²
905 4315 942 4354 m.
959 4300 1026 4366 reo.)
1050 4311 1053 4322 ⁴
