3050 5000
298 326 343 394 46
791 318 936 374 Luciferi

300 534 417 582 oerum
437 517 468 577 ct
488 512 619 578 uerbum
639 510 763 576 dormiri
785 513 855 576 erat
877 528 947 576 cam
969 508 1032 574 illc.
1078 513 1106 574 et
1127 508 1212 574 omo
1233 504 1446 574 Hieroboam

301 619 344 684 od
365 635 494 682 osorem
514 635 622 682 msam:
655 634 750 698 sarae
778 617 808 680 el
835 615 941 695 accipe
969 614 1007 678 irc
1028 633 1128 678 mana
1149 616 1208 680 toa
1228 610 1368 676 bomimi
1392 607 1446 674 dei

296 741 400 803 pares
421 725 452 786 et
472 719 638 802 collyrides
657 718 738 802 filiis
760 719 829 784 aas
844 723 871 784 et
886 736 969 784 auos
990 722 1018 784 et
1033 738 1092 784 aar
1107 715 1220 782 mollis.
1244 719 1273 780 et
1288 714 1445 778 surrexit

300 824 415 890 mulier
436 827 467 890 et
485 823 562 905 fecit
582 824 665 888 sieut
684 823 770 888 diait
791 823 821 889 ei
842 823 896 888 mir
917 822 994 888 eius.
1023 825 1054 886 et
1073 820 1197 888 Acbiab
1218 819 1315 886 bomo
1340 838 1445 884 semer

302 932 373 995 erat
399 927 495 992 ualde
521 931 550 992 et
577 924 662 992 oculi
689 926 757 992 cios
784 925 1044 1010 culiaioobaator
1069 925 1184 990 cidere.
1229 928 1259 990 et
1288 923 1475 988 surreaits

301 1031 417 1098 mulier
437 1050 476 1094 ea
497 1030 609 1096 Baria
629 1033 660 1094 et
680 1029 770 1094 abiit.
809 1033 838 1094 et
859 1029 981 1111 foetam
1002 1035 1055 1110 est,
1086 1049 1156 1094 cam
1178 1029 1338 1094 intrasset
1362 1025 1444 1106 ipso

302 1137 340 1201 in
361 1135 490 1200 ciuitate
511 1133 556 1198 ael
576 1131 701 1199 Acbiat
724 1131 906 1208 Selooitem,
930 1135 960 1198 et
980 1134 1064 1198 erec
1086 1131 1210 1198 Actiab
1228 1150 1338 1212 puero
1362 1148 1442 1194 sao:

302 1239 355 1304 cai
376 1256 462 1302 nam
482 1237 521 1300 im
542 1235 667 1302 obuiam
681 1235 800 1301 Annae
815 1235 909 1300 macri
923 1234 1114 1302 Hieroboam
1128 1238 1157 1298 et
1172 1234 1255 1302 dices
1269 1235 1321 1299 ei:
1346 1234 1443 1298 intra

302 1345 333 1406 et
353 1340 420 1405 ooli
440 1345 533 1418 stare,
564 1341 718 1422 quoniam
742 1338 821 1404 boec
848 1339 928 1406 dica
953 1339 1120 1406 domimus:
1152 1339 1238 1404 dora
1261 1357 1319 1420 eqo
1344 1337 1440 1400 mitto

304 1445 341 1509 irc
363 1448 401 1510 te.
425 1449 454 1508 et
474 1444 614 1508 intrarat
635 1444 738 1510 Aona
760 1446 804 1510 ad
826 1443 984 1510 bominem
1004 1444 1066 1528 det,
1090 1447 1118 1506 et
1140 1441 1270 1508 (limitet
1285 1439 1471 1506 Acbiabso

302 1549 340 1613 at
369 1547 447 1629 qaid
473 1546 556 1612 mibi
585 1547 731 1614 coateri
753 1567 859 1630 paces
889 1551 920 1614 et
943 1567 1045 1613 aaam
1072 1551 1100 1612 et
1128 1545 1294 1630 collyrides
1325 1548 1357 1608 ot
1381 1562 1442 1608 aas

303 1650 432 1716 mellis?
466 1650 541 1715 bueo
561 1650 642 1718 dicit
661 1651 828 1716 domimus:
860 1671 924 1718 eooo
946 1655 982 1715 ta
1003 1649 1064 1716 ibis
1086 1671 1108 1714 a
1129 1670 1187 1733 me,
1215 1653 1244 1713 et
1275 1649 1344 1714 erit
1367 1668 1441 1714 carre

304 1754 481 1820 enormes
497 1759 629 1837 portam
650 1756 794 1821 ciuitatis
816 1757 930 1840 Arica,
964 1759 993 1822 et
1017 1753 1142 1836 puellae
1164 1757 1237 1820 tuae
1268 1753 1384 1818 eaieot
1408 1751 1443 1814 in

304 1856 433 1922 obuiam
454 1862 482 1922 et
503 1858 607 1924 dicem
630 1857 705 1924 tibi:
721 1879 807 1942 paer
827 1863 972 1924 mortuos
994 1863 1048 1924 est.
1081 1858 1232 1939 quoniam
1252 1855 1338 1921 baec
1362 1855 1442 1920 dicit

306 1960 470 2026 domimus:
501 1980 567 2028 eooe
594 1981 648 2044 eoo
676 1961 824 2044 disperdo
845 1961 942 2028 lucios
964 1959 1154 2026 Hieroboam
1175 1962 1376 2042 minuentem
1400 1959 1472 2023 ud1⁵

299 2064 476 2145 parietem
508 2068 539 2129 et
565 2070 660 2130 erant
687 2066 807 2130 mortui
834 2065 901 2132 cius
928 2065 1119 2130 Hieroboam
1146 2065 1184 2128 irs
1213 2062 1387 2128 ciuitatem
1417 2066 1445 2125 et

306 2168 468 2233 comedent
488 2188 538 2234 eos
559 2188 663 2255 canes,
694 2174 723 2235 et
745 2171 862 2234 morlai
884 2174 976 2236 erant
1004 2170 1034 2234 ei
1061 2170 1099 2233 io
1120 2188 1197 2250 aare
1223 2171 1253 2231 et
1275 2165 1443 2232 comedent

305 2290 356 2336 eos
377 2271 522 2338 uolucres
543 2272 633 2338 caeli.
657 2291 718 2338 non
741 2274 801 2352 est,
823 2272 961 2355 inquam,
985 2291 1112 2351 nouum,
1135 2272 1162 2338 si
1183 2270 1265 2336 tuin
1282 2272 1348 2336 hee
1365 2289 1442 2352 per-

303 2373 424 2438 tinacis
438 2375 482 2439 sis
496 2376 651 2456 perstans,
668 2394 741 2440 cum
757 2393 930 2459 cognosces
945 2376 1042 2442 istum
1057 2376 1248 2440 Hieroboam
1263 2374 1315 2438 his
1334 2372 1442 2438 omni-

305 2477 366 2542 bus
388 2498 449 2543 non
467 2477 653 2544 deterritum
670 2480 781 2554 rebus;
805 2478 913 2546 stetim
936 2480 1063 2559 alonim,
1086 2479 1122 2544 ut
1137 2478 1240 2545 iuerat
1255 2477 1387 2543 dietum
1404 2478 1472 2543 ebo

307 2581 433 2645 homine
463 2581 524 2659 dei,
552 2582 588 2645 nt
617 2582 759 2664 ingressa
790 2582 839 2647 est
867 2583 980 2649 mulier
1009 2583 1182 2660 ciuitatem,
1212 2582 1299 2647 filius
1329 2601 1442 2647 eorum

307 2684 450 2748 mortuus
474 2686 537 2758 est;
562 2684 721 2750 ettamen
742 2706 804 2752 non
827 2688 989 2769 conspexit
1009 2687 1185 2753 Hieroboas
1208 2686 1285 2769 quid
1300 2686 1330 2751 ci
1350 2686 1440 2754 deus.

307 2791 475 2870 propterea
502 2788 587 2870 quod
616 2808 688 2853 eum
716 2789 938 2873 dereliquisset
968 2792 1000 2855 et
1027 2790 1177 2873 populum
1200 2808 1310 2855 secum
1332 2790 1439 2872 perire

309 2891 447 2970 fecisset,
469 2891 583 2957 fruisset
602 2894 905 2974 repraesentaturus,
929 2911 986 2958 nec
1009 2895 1115 2959 timuit
1132 2913 1169 2959 ex
1183 2895 1284 2960 morte
1300 2892 1364 2957 filii
1381 2894 1440 2969 sui,

308 2995 394 3077 quod
418 2996 450 3061 et
471 2996 579 3061 cetere
599 2997 691 3063 illum
711 2997 833 3079 possint
856 2998 1015 3081 subsequi,
1039 2998 1096 3063 sed
1118 2998 1149 3065 in
1166 3016 1223 3063 sus
1239 2997 1347 3062 senuit
1364 3010 1471 3061 uer-o

307 3098 407 3174 sutio3
430 3118 531 3182 usque
547 3099 626 3165 adeo
646 3100 761 3165 etenim
776 3100 865 3183 inpos
880 3101 995 3167 mentis
1009 3101 1114 3167 fuerat
1127 3100 1231 3167 faetus
1246 3100 1438 3173 Hieroboss,

309 3221 346 3267 er
369 3220 430 3285 quo
452 3203 631 3269 recesserat
653 3204 691 3269 sb
716 3222 753 3269 eo
783 3203 837 3286 qui
863 3222 996 3287 regnum
1018 3204 1194 3269 tradiderat
1214 3204 1273 3281 illi,
1303 3202 1341 3267 ut
1366 3221 1439 3267 cum

310 3303 458 3371 dixisset:
481 3307 564 3371 uode
585 3307 630 3371 ad
650 3307 702 3373 dei
723 3307 884 3373 homiaem
899 3312 928 3373 et
942 3308 1024 3374 disee
1040 3329 1084 3373 an
1100 3308 1275 3374 morituros
1288 3307 1336 3371 sit
1347 3305 1440 3388 filias

308 3412 422 3493 moster,
453 3410 485 3473 et
515 3409 661 3475 didicerit
681 3428 737 3492 per
760 3409 811 3476 dei
834 3410 1002 3489 hominem,
1032 3410 1116 3493 quod
1138 3429 1199 3475 non
1223 3410 1328 3477 solum
1350 3408 1437 3473 filius
1505 3494 1506 3503 ἵ

311 3527 419 3575 eorum
443 3512 526 3576 esset
540 3510 721 3591 moriturus,
744 3512 803 3577 sed
819 3513 895 3577 etin
911 3514 1024 3579 cuncto
1041 3515 1109 3579 eius
1123 3531 1221 3597 regno
1236 3511 1440 3579 imminerent
1451 3525 1471 3564 ³⁰

310 3613 460 3695 periculo,
475 3614 530 3680 ille
544 3616 661 3694 tamen,
684 3616 720 3681 ut
735 3616 835 3681 semel
850 3616 1014 3697 statuerat,
1033 3616 1158 3683 diabolo
1175 3616 1294 3683 seruire
1311 3616 1435 3681 meluit.

414 3852 585 3924 esmmg.
604 3855 647 3920 14,
665 3856 725 3911 ne

361 4077 533 4133 boellirides
612 4080 721 4135 (iberia
743 4083 790 4145 Vv,
810 4083 919 4151 Haerent
941 4081 1029 4137 Lxx
1046 4088 1073 4138 et
1090 4080 1229 4135 Latiarem
1311 4080 1344 4133 11
1368 4081 1438 4135 colli·

310 4163 380 4220 ridee
468 4164 500 4219 12
518 4165 569 4219 erit
591 4168 732 4236 V‚eccec
837 4167 869 4222 13
887 4168 974 4223 Scrirc
992 4170 1058 4225 Lat.
1164 4168 1197 4222 16
1214 4168 1373 4237 puriemtcm

308 4248 343 4302 23
361 4249 561 4319 derelinquisset
628 4253 662 4306 30
680 4256 775 4309 cuneta
