3050 5000
313 372 378 439 220
805 364 956 421 Luciferi

355 560 409 623 VI,
432 558 553 641 Legisti
575 557 689 621 Odiam
711 573 821 637 regem
843 555 1003 637 imgatum
1026 573 1045 619 a
1068 550 1291 618 sacerdotibus
1316 548 1445 618 domiui.

312 683 368 728 cur
390 664 511 729 inlicita
531 661 645 725 finisset
667 678 762 724 ausus
782 677 908 742 gerere:
933 662 962 723 et
985 658 1133 741 intranit,
1156 656 1261 737 iuquit
1276 651 1444 734 scriptina.
1499 708 1500 719 ,

310 771 348 833 in
369 766 520 849 temptam
541 766 665 830 domini
688 766 851 829 incensam
867 782 988 845 ponere
1005 782 1100 844 snper
1115 762 1230 827 attare,
1254 764 1283 823 et
1303 758 1445 823 intrauit

304 876 380 955 post
402 892 472 937 enm
489 869 584 935 Orias
606 868 751 932 sacerdos
775 871 803 931 et
828 887 898 933 cnm
926 868 997 949 ipso
1026 866 1199 931 sacerdotes
1230 862 1357 928 domini
1388 858 1443 921 tri-

307 976 401 1057 pinta
432 973 496 1055 filii·
529 973 676 1049 mittatis,
709 977 739 1037 et
771 975 978 1038 sarrenernnt
1010 990 1106 1051 snper
1132 968 1250 1035 Odiam
1283 985 1393 1049 repom
1420 966 1472 1025 tif

308 1079 460 1142 ‹tiaernnt
481 1077 528 1143 ei:
549 1096 616 1141 non
637 1075 708 1141 ticet
730 1075 788 1141 titi
808 1074 891 1141 Odia
912 1074 1077 1139 incendere
1099 1072 1238 1153 domino,
1263 1071 1320 1135 sai
1341 1088 1443 1133 sacer-

308 1181 435 1246 etotibas
454 1179 535 1261 filiis
556 1179 684 1255 Aaron,
713 1181 770 1262 qni
792 1180 987 1261 sanctificati
1008 1183 1085 1243 sant
1106 1182 1143 1243 nt
1166 1176 1359 1242 incendant.
1396 1174 1442 1237 esi

308 1286 346 1351 ae
367 1287 498 1368 sanctie,
521 1285 674 1366 qnoniam
697 1285 849 1349 recessisti
865 1304 886 1347 a
901 1284 1037 1367 domino,
1061 1286 1170 1347 anon
1185 1279 1250 1345 erit
1271 1278 1336 1343 tibi
1358 1276 1442 1341 istaut

308 1389 347 1453 in
368 1389 483 1453 tonare
506 1409 528 1453 a
549 1389 677 1453 domino
697 1387 763 1452 deo.
800 1386 879 1451 dicis
908 1385 1152 1451 contumeliosos
1178 1383 1225 1447 illi
1248 1381 1355 1446 titisse
1378 1378 1441 1459 regi

308 1491 425 1555 domini
456 1490 638 1555 sacerdotes
667 1494 788 1554 necne?
821 1490 849 1554 si
876 1488 1011 1554 necdum
1044 1489 1171 1553 fuerunt
1204 1481 1466 1551 contumeliosis·

306 1614 363 1660 nec
388 1614 443 1659 nos
465 1594 523 1659 tibi
545 1592 719 1671 uideamur,
751 1593 1006 1676 quandoquidem
1030 1592 1146 1657 similia
1169 1590 1284 1655 audias
1310 1608 1332 1652 a
1356 1586 1440 1651 nobis

306 1716 387 1779 qnae
411 1696 546 1761 audierit
569 1698 601 1758 et
622 1695 694 1759 ille:
718 1717 784 1761 non
806 1696 877 1761 ticet
898 1697 965 1780 titi,
992 1696 1171 1774 Constanti,
1193 1694 1351 1759 Arriano
1376 1710 1440 1754 enni

305 1802 357 1865 dei
386 1800 554 1865 conuenire
580 1799 717 1882 popnto,
752 1819 819 1863 non
849 1799 923 1865 ticet
951 1798 1008 1863 tibi
1037 1798 1239 1863 idololatriac
1270 1796 1439 1860 Arrianae

304 1905 444 1969 haeresis
471 1904 608 1985 amatori,
642 1907 777 1986 nepator
804 1903 894 1967 nnioi
922 1902 986 1984 niti
1014 1903 1065 1967 dei
1088 1902 1124 1967 de
1145 1902 1199 1967 dei
1221 1898 1439 1967 sacerdotibus

303 2008 460 2084 indicare,
493 2006 668 2089 saeritepns
694 2007 819 2088 {iacens
850 2010 878 2069 te
902 2005 1135 2084 Christianam,
1166 2024 1239 2069 cnm
1268 2004 1319 2069 sis
1353 2002 1436 2067 anti·
1449 2022 1463 2059 n

304 2111 416 2177 christi
431 2129 636 2194 praecursor.
659 2130 726 2175 non
747 2110 809 2175 erit
831 2110 888 2174 tibi
912 2110 1036 2193 bonnm,
1059 2114 1095 2173 nt
1117 2108 1169 2174 etei
1192 2106 1312 2173 totiens
1338 2125 1438 2171 sacer·

303 2214 385 2279 dotes
407 2214 533 2278 motines
556 2214 759 2277 aduersarios
782 2214 866 2287 eins,
891 2212 1024 2295 cattepas
1046 2212 1166 2277 scilieet
1186 2211 1362 2292 saeriteoii
1384 2208 1436 2273 ini.

180 2304 183 2313 ’
303 2335 375 2381 cum
394 2318 470 2381 haec
495 2317 596 2393 audis,
619 2316 766 2381 irasceris
789 2315 892 2391 nobis;
915 2316 1014 2381 natus
1038 2317 1086 2381 est
1103 2315 1215 2380 stillis
1230 2315 1311 2377 tunc
1333 2330 1436 2377 sacer-

304 2420 429 2485 dotibus
452 2419 569 2485 domini
593 2421 691 2485 Odias
713 2439 776 2484 rex.
802 2420 858 2484 sed
881 2419 1010 2485 aduerte
1033 2420 1104 2485 illos
1129 2420 1187 2484 dec
1213 2418 1346 2483 dicatos
1369 2435 1435 2499 per-

301 2524 432 2606 petuum
456 2527 557 2590 status
580 2526 631 2590 sui
651 2525 791 2589 tenuisse
819 2526 982 2603 honorem,
1016 2525 1130 2590 Odium
1153 2543 1228 2589 uero
1253 2523 1300 2588 ad
1325 2539 1460 2604 oppres

301 2628 404 2692 brium
428 2630 651 2710 sempiternum
673 2628 780 2710 leprae
804 2628 969 2694 confestim
991 2629 1147 2694 uarietate
1169 2627 1389 2692 maculatum.
1413 2628 1435 2688 rt

301 2733 406 2795 iratas
434 2737 494 2811 est,
526 2731 643 2812 inquit,
670 2731 787 2810 Odius,
810 2735 851 2814 :et
872 2734 909 2798 in
931 2751 1032 2798 mann
1055 2733 1124 2798 eins
1146 2737 1215 2796 erat
1238 2732 1372 2806 attare,
1405 2733 1434 2792 at

302 2835 482 2900 incenderet
502 2836 539 2899 in
561 2854 624 2898 ara
645 2855 715 2900 sna.
748 2840 779 2900 et
806 2836 896 2918 lepra
924 2837 1081 2918 apparuit
1108 2838 1145 2901 in
1173 2835 1285 2918 fronte
1308 2836 1383 2900 eins
1403 2835 1432 2896 in

301 2944 465 3019 conspecta
486 2938 683 3004 sacerdotnm
704 2940 742 3004 in
763 2942 853 3006 domo
876 2940 1006 3006 ctmnini.
1041 2941 1118 3004 haec
1142 2938 1187 3004 ita
1210 2939 1299 3017 sunt,
1327 2938 1363 3002 et
1387 2955 1431 3000 ar-

299 3041 425 3105 bitraris
446 3041 478 3104 tc
501 3042 718 3106 contumacem
740 3044 1024 3124 praeuaricatorem
1048 3061 1107 3108 non
1129 3043 1257 3107 nabere
1282 3042 1456 3106 offensane

299 3144 382 3226 apud
404 3164 485 3223 eum,
509 3146 563 3227 qui
577 3165 634 3210 nos
649 3165 725 3210 suae
741 3145 922 3210 claritudini
937 3147 1086 3228 perpetuo
1103 3145 1307 3228 praeceperit
1324 3164 1429 3210 saser-

299 3247 376 3313 dotii
390 3251 626 3330 repraesentare
642 3249 766 3315 officia?
783 3268 863 3331 quas
880 3250 941 3314 ista
956 3251 1072 3328 nostra,
1087 3249 1263 3328 Constanti,
1283 3249 1428 3332 snperbia

300 3350 349 3412 est
364 3370 485 3432 quaeue
501 3352 709 3433 adrogantia?
729 3352 831 3437 <ni>si
847 3353 921 3434 quia
936 3354 967 3416 te
983 3351 1149 3418 uideamus
1161 3352 1348 3418 morbidum
1365 3370 1427 3416 esse

296 3451 479 3534 pestiferum
518 3455 630 3537 quippe
659 3456 842 3534 anianum,
879 3455 1088 3538 elephantiam
1116 3456 1149 3520 in
1183 3457 1215 3521 te
1251 3475 1325 3522 esse
1359 3455 1425 3539 quiin

296 3553 391 3617 istam
413 3556 657 3634 consideremus,
680 3557 770 3622 illam
794 3577 888 3640 quam
903 3559 1013 3624 Arrius
1028 3559 1185 3638 habuerit,
1209 3559 1297 3642 quod
1312 3578 1452 3643 urges-a

394 3760 412 3811 2
430 3759 456 3812 Π
473 3759 532 3814 Par.
550 3761 595 3830 26,
615 3760 716 3814 16-18
785 3763 819 3816 m
837 3763 873 3818 ib.
891 3763 933 3828 26,
954 3765 986 3818 19

346 3929 549 4030 rosana¹
594 3918 760 3988 ricantia
855 3933 985 3990 inxxx
1002 3936 1141 3992 rarioris
1242 3939 1335 3994 curos
1353 3937 1417 3993 coar.

292 4031 430 4086 Latinius
524 4034 604 4089 feisse
700 4036 733 4090 14
751 4039 864 4106 negator
882 4038 992 4106 scripsi,
1012 4042 1126 4109 negatur
1148 4043 1181 4110 V,
1200 4043 1354 4112 negatoria

293 4117 325 4169 15
343 4118 469 4187 casalego
487 4137 517 4188 o,·
541 4122 668 4189 casalego
686 4121 788 4190 fingere
811 4124 910 4178 melias
932 4124 1048 4178 nictetnr
1067 4124 1172 4188 Galatia
1278 4130 1311 4182 17
1333 4126 1416 4181 aduer-

292 4205 374 4257 sarius
445 4205 478 4259 19
497 4211 587 4260 aneae
663 4210 698 4262 23
716 4225 764 4262 sna
782 4226 867 4266 ama
945 4211 978 4265 26
997 4212 1061 4280 aput
1139 4212 1176 4268 28
1196 4215 1353 4286 adrogantis

291 4287 325 4342 29
344 4288 499 4344 elefanciam
