3050 5000
445 319 487 372 De
505 321 596 373 sancto
613 319 761 376 Athanasio
780 320 848 374 liber
864 320 897 375 H.
1176 323 1238 389 183

109 530 182 575 emm
202 510 331 575 dr‘cerrs:
348 510 547 591 putrentium
568 510 646 575 tote
668 512 706 575 im
727 531 785 594 me,
814 516 841 576 et
869 512 977 577 emoto
1005 512 1138 577 reddam
1169 512 1236 580 mi.

108 614 257 679 mr'eertre
279 616 384 678 eutem
406 613 557 679 domimus
577 615 665 679 serui
687 614 778 679 rums
801 614 923 679 de'me‘sd
951 635 1022 680 erm
1052 620 1081 679 et
1102 615 1239 681 debitum

108 716 233 783 derisit
254 716 293 780 ei.
318 734 460 798 opressus
482 720 590 781 motem
611 736 723 783 seruos
744 716 801 782 dle
822 718 949 783 immeruit
970 738 1074 782 rreum
1103 738 1142 783 ere
1165 738 1238 783 core·

106 820 213 885 serris
232 818 301 885 suis
316 819 372 900 qm'
389 818 516 887 debebat
530 820 561 883 er‘
577 824 702 885 remum
716 821 876 898 decoros,
899 826 927 886 et
940 826 1049 887 temeres
1063 823 1239 903 sufferebat

74 945 91 983 5
108 944 181 988 emm
202 924 327 989 diceres:
349 924 443 989 redde
458 924 539 1005 qued
560 924 660 991 detes.
683 928 714 989 et
721 926 892 1007 procederes
907 944 1021 991 sermm
1038 923 1090 989 dte
1104 926 1236 1009 repedet

107 1046 181 1091 emm
196 1026 322 1091 diceres:
339 1028 537 1108 potientium
552 1028 630 1092 tote
644 1028 682 1092 r'rr
696 1048 754 1106 me,
777 1033 808 1092 et
820 1030 951 1094 reddam
970 1031 1037 1096 te'be‘.
1061 1030 1119 1095 dle
1133 1036 1237 1095 erdem

105 1130 224 1209 metuit,
258 1130 312 1195 em
341 1130 423 1195 abed
454 1134 485 1195 et
511 1132 599 1197 misit
626 1152 698 1197 emo
719 1133 757 1198 m
780 1152 945 1216 carcerem,
980 1134 1074 1200 domee
1098 1134 1238 1199 redderet

105 1233 255 1298 debitum.
278 1234 423 1299 midemtes
445 1238 552 1299 ortem
573 1236 722 1301 comeerm‘
743 1236 812 1305 ems
826 1256 908 1317 quoe
922 1237 1041 1320 fiebam
1057 1236 1239 1303 ceretrr'stete‘

104 1342 194 1414 sumt,
216 1343 245 1402 et
258 1343 416 1403 memerrot
430 1344 459 1403 et
473 1345 698 1406 morramrrrrt
712 1340 842 1409 dommo
858 1358 914 1405 emo
929 1342 1039 1406 ormr'e
1055 1360 1135 1421 quoe
1149 1341 1238 1422 forte

58 1460 89 1499 ιο
104 1446 210 1507 erort.
242 1445 318 1506 turre
338 1443 466 1507 occurit
488 1462 559 1507 eum
580 1443 730 1508 dommus
751 1461 829 1507 smus
850 1446 881 1507 et
902 1444 951 1507 ee't
972 1442 1043 1522 dle:
1071 1464 1160 1509 seme
1182 1464 1237 1508 ree-

105 1567 215 1629 qmm,
239 1566 331 1612 omme
345 1546 482 1611 dethn
502 1548 614 1613 remisr'
635 1548 702 1631 tibi,
725 1548 805 1628 preto
827 1549 948 1630 ro‘peste'
970 1568 1018 1613 me
1025 1565 1037 1625 ,·
1059 1567 1125 1612 more
1144 1567 1236 1628 epor-

104 1652 171 1715 tm't
190 1654 219 1715 te
240 1670 360 1732 propre
381 1652 524 1716 misereri
544 1670 693 1717 conseruo
706 1656 770 1731 tro,
785 1652 867 1715 se'emt
885 1654 915 1716 et
936 1670 989 1734 epo
1002 1652 1150 1716 misertos
1165 1670 1236 1715 som

105 1754 192 1821 troi?
213 1758 241 1819 et
262 1755 370 1819 r'rotrrs
391 1755 539 1820 dommus
566 1756 635 1821 ems
662 1754 802 1819 trodr'de't
828 1775 900 1821 emm
921 1755 1103 1840 tortoribus,
1132 1740 1237 1836 quood

104 1872 207 1940 meque
228 1858 369 1923 redderet
389 1859 579 1923 rmimrsmm
600 1858 750 1925 debtmm.
797 1858 842 1924 sic
864 1864 893 1923 et
914 1858 1004 1924 mobis
1026 1858 1124 1940 foedet
1138 1863 1236 1941 poter

60 1982 89 2023 15
106 1981 198 2027 meses
218 1963 275 2044 pri
295 1964 333 2027 r'm
355 1962 452 2030 caem's
472 1968 526 2043 est,
555 1964 587 2028 sr'
607 1982 674 2027 rom
696 1963 881 2031 remiseritis
902 1962 1117 2043 prosperisque
1138 1961 1239 2042 frotre'

103 2085 165 2131 eoo
187 2065 226 2131 de
246 2065 394 2131 cordetrs
420 2067 544 2133 restms.
589 2066 666 2148 quid
693 2066 866 2149 respondes
898 2066 938 2130 sd
965 2067 1043 2130 haec
1072 2067 1118 2144 tu,
1148 2065 1238 2131 ouius

104 2170 223 2235 montis
246 2170 330 2235 oculi
357 2170 466 2235 uidere
495 2170 624 2233 minime
652 2171 813 2252 potuerint
835 2172 913 2235 hoec
937 2188 1019 2251 quae
1040 2168 1238 2252 praeceperit

103 2272 177 2337 fieri
200 2273 366 2338 dominus?
388 2272 442 2337 ubi
464 2272 555 2354 ponis
569 2270 650 2336 iliud
665 2272 749 2355 quod
763 2291 865 2355 neque
881 2273 913 2335 iu
928 2271 961 2335 te
977 2290 1078 2353 neque
1094 2271 1126 2335 in
1144 2270 1237 2335 deum

106 2376 287 2460 deliquerit,
317 2377 374 2443 sed
403 2376 446 2441 sit
473 2375 633 2441 sustinens
655 2376 919 2458 persecutionem,
950 2393 1007 2438 cur
1030 2374 1237 2455 apostolicam

62 2496 90 2537 ro
102 2481 216 2546 teneat
236 2480 343 2559 fidem,
367 2500 423 2546 cur
437 2479 517 2546 nolit
530 2478 600 2544 fieri
617 2479 654 2549 ut
667 2481 703 2545 tu
720 2500 754 2545 es
771 2479 966 2562 sacrilegus?
988 2477 1123 2542 firmasti
1137 2477 1236 2542 inter-

103 2586 204 2650 ficere
219 2585 363 2650 ueritatis
377 2585 628 2667 praedicatorem
644 2584 774 2666 cupiens
788 2584 820 2648 in
837 2602 873 2648 eo
889 2585 921 2648 te
937 2581 1095 2647 conlocari
1110 2582 1236 2658 honore,

103 2689 139 2753 in
162 2708 223 2771 quo
246 2689 320 2754 sunt
340 2688 388 2752 illi
410 2706 488 2770 quos
502 2689 535 2752 in
551 2687 715 2770 euangelio
732 2688 765 2752 et
779 2686 1003 2770 prophetarum
1019 2683 1236 2750 interfectores

106 2792 256 2875 designet
279 2791 422 2856 dominus
446 2791 478 2855 et
491 2792 606 2874 impias
620 2811 733 2856 munus
750 2791 910 2873 adipsum
926 2789 1022 2854 etism
1038 2788 1237 2870 porrecturos

107 2895 211 2978 sperit
233 2894 357 2960 dicens:
379 2895 468 2960 temo
489 2901 559 2962 erot
574 2896 822 2979 paterfamiliae
843 2895 899 2978 qm
917 2893 1088 2975 ptemtom‘t
1107 2893 1238 2956 mimum

66 3010 92 3050 ὃ
105 3005 138 3064 et
164 3018 267 3080 sepem
294 2998 504 3064 circumdedit
529 3004 558 3064 et
585 2998 666 3080 fodit
693 3000 731 3065 r'm
758 3019 797 3063 eo
826 2997 969 3062 torretur
997 3000 1027 3061 et
1048 2995 1235 3078 aedificarit

107 3107 232 3168 torrem
253 3106 284 3168 et
304 3102 423 3168 locarit
443 3123 514 3168 edm
536 3101 664 3186 colomis,
694 3106 725 3168 et
745 3122 875 3184 perepre
892 3102 1054 3183 profectos
1075 3104 1129 3164 est.
1167 3119 1238 3164 emm

106 3210 233 3286 tempere
253 3210 360 3270 artem
380 3206 542 3286 frortrmm
565 3207 860 3287 adpropr'mpoasset
884 3206 973 3270 misit
985 3222 1092 3270 seruos
1107 3221 1179 3266 suos
1194 3200 1238 3265 od

107 3307 239 3388 colonos,
262 3311 299 3372 rt
320 3310 473 3391 occiperet
494 3309 533 3374 de
553 3308 712 3391 fructibus
733 3309 820 3389 sms‚·
848 3312 879 3374 et
905 3308 1008 3374 colom
1029 3305 1237 3388 odprdeemsr's

106 3413 212 3478 serris
224 3433 326 3478 mmmm
340 3414 528 3496 mcideromt,
546 3413 650 3477 elimo
665 3416 769 3478 ortem
785 3411 1025 3494 tepidumermmt,
1042 3411 1145 3475 otmm
1160 3427 1235 3473 mero

68 3525 96 3566 ω
108 3514 297 3581 oeciderunt.
320 3517 440 3581 iterem
460 3516 552 3581 misit
572 3517 615 3582 ad
636 3514 709 3580 illos
728 3534 835 3582 serres
848 3514 969 3599 ptores,
992 3518 1023 3580 et
1034 3516 1177 3597 fecerum
1191 3511 1237 3577 er'e

108 3618 270 3685 simititer.
315 3620 487 3686 merissime
514 3623 622 3685 ortem
650 3618 740 3684 misit
766 3618 836 3684 ittr's
863 3618 969 3702 lilium
990 3637 1084 3684 serm
1106 3615 1237 3682 ericum

109 3721 235 3787 diceros:
256 3723 447 3788 reretmmtmr
467 3722 574 3806 fil-imm
594 3743 709 3787 merem.
733 3721 838 3787 coleret
854 3726 958 3788 eutem
978 3721 1120 3786 omerus
1135 3717 1238 3794 fite'mm

214 3961 249 4014 24
266 3961 364 4018 naeth.
382 3962 425 4027 21,
444 3962 545 4017 33-41

160 4163 312 4220 4dinurios
393 4165 457 4220 eet
473 4167 647 4220 nsmuemnt
664 4166 697 4220 m
713 4183 766 4237 mc.
783 4183 817 4220 m.
835 4172 851 4220 1
870 4166 939 4222 add.
1019 4181 1068 4234 que
1150 4163 1183 4217 16
1200 4179 1238 4216 re·

110 4250 217 4320 spondis
286 4252 319 4306 18
337 4254 400 4321 quot
470 4251 504 4307 23
521 4255 718 4322 porrecturose
787 4252 982 4308 mutemur
