3050 5000
362 338 423 405 188
850 333 998 389 Luciferi

359 527 531 605 ciuitatem,
546 528 583 589 nt
595 522 707 589 ueniet
720 524 764 588 ad
778 542 835 587 nas
849 523 951 588 orente
965 520 1099 608 sanpuis
1114 524 1286 604 iustorum,
1300 524 1349 607 aui
1362 524 1438 605 effuso

359 634 408 696 est
422 649 516 712 super
537 632 666 710 terram
690 648 712 691 a
733 627 893 711 sanpuine
908 627 988 693 Abel
1010 628 1090 694 iusti
1111 648 1210 711 nepae
1233 629 1279 695 ad
1300 631 1437 712 sanquinem

363 733 546 799 Zachariae
565 732 631 815 fitii
652 730 850 815 Baracbiae,
880 750 971 813 quem
993 732 1153 797 meidistis
1179 732 1268 795 inter
1289 730 1438 813 temptant

362 837 474 902 attare.
498 856 593 901 amen
613 834 703 901 uobis
719 834 799 917 dico,
830 834 960 898 uenient
980 833 1056 899 baec
1078 836 1190 899 amnia
1212 855 1310 917 super
1328 838 1437 917 puniati-

361 958 451 1004 oneae
471 940 577 1005 istane
1448 956 1450 963 ’

402 1042 505 1107 XXII.
528 1040 676 1106 Proberie
700 1040 823 1105 actibus
845 1039 909 1105 tuis
933 1060 970 1104 ex
992 1040 1047 1106 illo
1070 1058 1186 1123 genere
1209 1040 1244 1105 ts
1269 1058 1335 1105 csse
1348 1040 1437 1122 uipereo.

362 1144 513 1209 inueniris
535 1142 651 1208 etenim
680 1162 749 1208 esse
772 1161 852 1207 unus
876 1142 1009 1221 exiliis,
1041 1143 1081 1207 ed
1103 1161 1182 1225 quos
1206 1144 1288 1207 buce
1311 1143 1382 1224 quod
1397 1164 1437 1225 pe·

360 1246 513 1330 petreturi
536 1248 642 1311 essent
665 1245 858 1311 dicebantur.
894 1246 949 1309 eut
972 1246 999 1311 si
1021 1264 1118 1329 neges
1142 1264 1212 1311 esse
1236 1246 1271 1310 te
1294 1264 1329 1309 cx
1347 1246 1437 1328 illisqui

361 1349 493 1414 audiunt
514 1367 568 1415 ore
591 1348 725 1413 domini:
747 1353 914 1430 serpentes,
936 1349 1146 1433 peneramina
1167 1350 1364 1431 asperarum,
1380 1352 1437 1431 prob

357 1472 418 1518 uon
432 1453 476 1530 te,
493 1451 550 1516 sed
564 1451 701 1516 Iudaeos
716 1450 892 1516 destinasse
910 1450 1044 1516 militem
1061 1451 1102 1515 ud
1118 1451 1352 1529 Alexandriam,
1363 1452 1450 1515 ludu-1·

358 1576 447 1621 orum
469 1554 603 1619 militem
626 1554 788 1620 obsedisse
811 1553 894 1618 tores
917 1552 969 1617 dci
993 1555 1113 1632 domus,
1138 1554 1331 1620 Iudaeorum
1349 1556 1436 1618 militm

359 1659 473 1724 ducem
487 1656 585 1721 tuisse
601 1656 775 1740 Syriacum.
799 1657 897 1738 probe
912 1656 1047 1722 Iudaeos
1059 1656 1220 1739 ingressos
1236 1657 1388 1722 basilicam
1398 1676 1436 1719 cun

359 1762 455 1827 ermis
472 1761 565 1843 atquo
581 1762 703 1825 certum
718 1778 883 1824 numerum
898 1759 1104 1825 interfecisse.
1129 1760 1156 1825 si
1170 1762 1308 1842 probare
1318 1780 1369 1825 non
1378 1763 1435 1842 pos

358 1865 433 1948 quic
447 1864 570 1930 constet
583 1864 616 1928 te
631 1862 756 1928 misisse
781 1864 821 1927 ed
838 1864 889 1928 dei
903 1862 1138 1947 impugnandam
1153 1862 1348 1947 religionem,
1367 1862 1436 1927 rectis·

359 1970 438 2035 sime
461 1968 595 2033 dicimus
616 1968 649 2031 te
672 1986 768 2031 unum
792 1985 861 2031 esse
886 1966 1017 2045 exiliis,
1042 1967 1082 2031 ed
1105 1986 1182 2049 quos
1200 1966 1323 2031 dictum
1338 1966 1388 2029 est:
1403 1986 1449 2028 ser-12

351 2077 469 2157 pentes,
504 2070 710 2155 penerarnina
743 2070 948 2155 niperarum,
982 2072 1135 2153 quomado
1166 2070 1301 2154 supiete's
1330 2070 1435 2134 iuduiun

355 2170 540 2256 petcnnae?
560 2190 622 2236 non
644 2170 711 2234 sine
735 2168 829 2235 dubio
852 2169 954 2253 mgics
976 2169 1129 2235 iudicium
1151 2171 1435 2253 gebennensem

357 2294 481 2357 semper
501 2274 567 2339 illic
597 2273 711 2337 urdene
740 2291 813 2337 cum
844 2274 1101 2355 conserpentibus
1127 2274 1201 2352 tuis,
1238 2276 1301 2341 nisi
1326 2275 1374 2339 tibi
1395 2294 1434 2355 pm·

359 2377 508 2459 spexeris.
531 2381 616 2451 tuuc,
639 2376 751 2457 iuquit,
774 2378 903 2443 tradent
917 2396 974 2442 uos
988 2377 1027 2441 in
1042 2377 1284 2443 tribulationem
1305 2383 1333 2443 et
1344 2378 1435 2443 0001101

357 2501 423 2560 uos,
445 2480 585 2546 eteritis
607 2480 678 2545 adio
699 2480 845 2547 amnibus
866 2480 1010 2564 pentibus
1025 2484 1157 2564 propter
1178 2501 1297 2548 nomen
1317 2503 1405 2548 nunu.
1422 2484 1448 2542 ts

355 2590 433 2650 tuna
453 2582 762 2649 scandalizabantur
784 2583 879 2648 multi
899 2589 928 2648 et
950 2583 1088 2648 inanem
1109 2583 1240 2648 tradent
1261 2590 1292 2651 et
1312 2583 1434 2652 011101011-

357 2687 434 2752 bunt
454 2686 605 2752 inuicem.
627 2690 655 2750 et
676 2685 772 2751 matti
788 2685 1079 2768 pseudopropbetw
1093 2691 1267 2771 ensurpent
1288 2692 1317 2752 et
1335 2687 1434 2752 suanno

355 2787 478 2855 multos.
518 2788 723 2869 0100001000
744 2788 920 2854 abundabit
941 2789 1111 2874 iniquitas,
1130 2789 1338 2874 perfrigescet
1357 2791 1434 2855 auc

355 2891 536 2956 multorum.
563 2891 590 2956 si
612 2909 673 2955 non
695 2909 784 2956 mons
807 2892 863 2956 tue
886 2891 1042 2975 sacrilege
1065 2893 1126 2958 scit
1146 2912 1199 2957 me
1213 2895 1340 2977 propter
1353 2895 1433 2957 unium
1463 2977 1464 2982 ἵ

357 2995 408 3060 dei
429 2994 531 3058 filium
559 2994 626 3076 peti
652 2995 902 3076 persecutionem
933 2995 1016 3073 ete,
1046 2995 1163 3076 poteris
1185 3015 1248 3062 uon
1275 3016 1340 3062 esse
1361 2995 1390 3058 dc
1404 2993 1449 3056 ibt

354 3116 480 3182 genere,
496 3116 558 3162 non
575 3115 644 3162 esse
658 3096 691 3160 in
705 3097 831 3162 illorum
847 3097 1003 3162 sententie
1020 3097 1060 3161 ad
1076 3116 1154 3179 quos
1171 3097 1304 3164 dicitm:
1318 3102 1434 3180 suune,

352 3202 559 3287 peneramina
580 3200 777 3282 ciperanum,
800 3202 952 3282 quamodo
973 3199 1105 3284 sapietis
1126 3222 1149 3266 0
1163 3202 1286 3267 iudicio
1297 3199 1433 3286 pebrsaaet

353 3306 422 3371 ideo
444 3318 509 3370 ecce
531 3304 624 3369 mitta
646 3304 690 3368 ud
712 3323 771 3370 nos
786 3303 961 3386 propbetas
983 3309 1012 3370 et
1033 3305 1193 3387 sapientes
1214 3310 1247 3370 et
1260 3305 1370 3372 scribas
1385 3307 1433 3367 aa

353 3408 422 3474 iltis
449 3407 596 3474 0001010110
622 3411 652 3472 et
680 3407 873 3490 crucilipetis
906 3412 934 3473 et
956 3409 1193 3491 persequemini
1221 3409 1261 3474 de
1289 3410 1397 3476 aaran
1415 3405 1433 3466 it

353 3511 526 3578 unomen.
550 3528 631 3592 quae
653 3528 726 3574 cum
747 3511 784 3573 tu
808 3511 852 3576 sis
873 3529 986 3594 gerens
1009 3512 1113 3590 hodie,
1136 3531 1253 3596 regere
1274 3531 1332 3578 non
1346 3506 1448 3575 audebis

353 3615 386 3678 tc
410 3613 449 3678 de
472 3612 600 3694 uiperae
624 3630 694 3677 esse
716 3613 875 3696 progenie.
914 3614 1102 3680 interemisti
1126 3617 1208 3680 enim
1223 3616 1331 3681 multis
1349 3607 1431 3677 imbris

455 3751 488 3806 15
505 3749 603 3805 matth.
621 3750 664 3815 23,
683 3751 716 3805 33
789 3751 873 3807 1911).
893 3751 936 3816 24,
955 3753 1040 3807 9-13
1108 3752 1142 3806 26
1160 3752 1197 3806 ib.
1215 3753 1258 3817 23,
1277 3753 1310 3807 33

402 3887 484 3942 cillo
502 3890 572 3944 ceni.
593 3889 688 3959 Gateti,
706 3891 807 3947 elioV
873 3892 925 3946 elic
944 3894 1002 3960 pt,
1015 3909 1037 3946 e.
1056 3909 1134 3961 quern
1150 3885 1431 3961 spernentesne

351 3975 418 4072 ⁶¹⁶¹?
504 3974 678 4031 8dicebetur
694 3976 762 4043 sort.
851 3978 881 4030 11
902 3977 993 4032 domne
1080 3978 1113 4032 15
1131 3981 1160 4032 et
1242 3979 1275 4032 17
1293 3976 1391 4046 gebenna

351 4077 426 4148 tugen
500 4080 533 4134 21
550 4079 631 4135 bodio
699 4081 733 4135 23
750 4080 918 4136 habundebit
985 4082 1019 4136 26
1037 4083 1142 4136 sentim
1159 4082 1226 4148 sort.
1299 4082 1330 4135 29
1344 4072 1431 4148 pennoti

351 4163 416 4218 mini
432 4181 450 4218 0
518 4164 554 4218 30
570 4165 649 4220 bodie
666 4183 795 4236 gerensi
868 4167 901 4222 31
920 4169 1027 4238 uipereo
1045 4183 1102 4224 esse
1119 4169 1243 4239 progenie
1261 4166 1363 4236 scripsi
1376 4163 1430 4230 uiptft

351 4263 409 4302 esse
425 4251 579 4319 progeniem
600 4253 639 4306 Vc
