<?xml version="1.0" encoding="UTF-8"?>
<!DOCTYPE html PUBLIC "-//W3C//DTD XHTML 1.0 Transitional//EN"
    "http://www.w3.org/TR/xhtml1/DTD/xhtml1-transitional.dtd">
<html xmlns="http://www.w3.org/1999/xhtml" xml:lang="en" lang="en">
 <head>
  <title>
</title>
<meta http-equiv="Content-Type" content="text/html;charset=utf-8" />
  <meta name='ocr-system' content='tesseract 3.04.00' />
  <meta name='ocr-capabilities' content='ocr_page ocr_carea ocr_par ocr_line ocrx_word'/>
</head>
<body>
  <div class='ocr_page' id='page_1' title='image "./corpusscriptoru03wissgoog_0125.png"; bbox 0 0 3050 5000; ppageno 0'>
   <div class='ocr_carea' id='block_1_1' title="bbox 305 341 940 406">
    <p class='ocr_par' dir='ltr' id='par_1_1' title="bbox 305 341 940 406">
     <span class='ocr_line' id='line_1_1' title="bbox 305 341 940 406; baseline 0.002 -12"><span class='ocrx_word' id='word_1_1' title='bbox 305 342 346 406; x_wconf 82' lang='lat'>76</span> <span class='ocrx_word' id='word_1_2' title='bbox 786 341 940 396; x_wconf 83' lang='lat' dir='ltr'>Luciteri</span> 
     </span>
    </p>
   </div>
   <div class='ocr_carea' id='block_1_2' title="bbox 293 527 1477 3095">
    <p class='ocr_par' dir='ltr' id='par_1_2' title="bbox 293 527 1477 3095">
     <span class='ocr_line' id='line_1_2' title="bbox 349 527 1447 614; baseline 0.001 -24"><span class='ocrx_word' id='word_1_3' title='bbox 349 527 419 592; x_wconf 86' lang='lat' dir='ltr'><strong>VII.</strong></span> <span class='ocrx_word' id='word_1_4' title='bbox 441 528 506 594; x_wconf 85' lang='lat' dir='ltr'>Sed</span> <span class='ocrx_word' id='word_1_5' title='bbox 528 531 624 596; x_wconf 88' lang='lat' dir='ltr'>dicis:</span> <span class='ocrx_word' id='word_1_6' title='bbox 650 533 707 596; x_wconf 77' lang='lat' dir='ltr'>isto</span> <span class='ocrx_word' id='word_1_7' title='bbox 728 534 767 596; x_wconf 80' lang='lat' dir='ltr'>in</span> <span class='ocrx_word' id='word_1_8' title='bbox 790 534 853 598; x_wconf 82' lang='lat' dir='ltr'>loco</span> <span class='ocrx_word' id='word_1_9' title='bbox 874 533 929 597; x_wconf 79' lang='lat' dir='ltr'>otoo</span> <span class='ocrx_word' id='word_1_10' title='bbox 951 533 1175 597; x_wconf 80' lang='lat' dir='ltr'>deuotissimos</span> <span class='ocrx_word' id='word_1_11' title='bbox 1198 531 1337 614; x_wconf 78' lang='lat' dir='ltr'><em>Moyses</em></span> <span class='ocrx_word' id='word_1_12' title='bbox 1364 549 1447 610; x_wconf 82' lang='lat' dir='ltr'>qoo-</span> 
     </span>
     <span class='ocr_line' id='line_1_3' title="bbox 302 632 1447 717; baseline 0 -24"><span class='ocrx_word' id='word_1_13' title='bbox 302 635 394 698; x_wconf 88' lang='lat' dir='ltr'>modo</span> <span class='ocrx_word' id='word_1_14' title='bbox 422 635 618 698; x_wconf 79' lang='lat' dir='ltr'><strong><em>sacerdotum</em></strong></span> <span class='ocrx_word' id='word_1_15' title='bbox 645 635 719 716; x_wconf 73' lang='lat' dir='ltr'>tecit</span> <span class='ocrx_word' id='word_1_16' title='bbox 744 637 942 717; x_wconf 74' lang='lat' dir='ltr'>montionem,</span> <span class='ocrx_word' id='word_1_17' title='bbox 971 637 1017 700; x_wconf 82' lang='lat' dir='ltr'>stc</span> <span class='ocrx_word' id='word_1_18' title='bbox 1046 639 1076 700; x_wconf 83' lang='lat' dir='ltr'>ct</span> <span class='ocrx_word' id='word_1_19' title='bbox 1102 635 1229 698; x_wconf 79' lang='lat' dir='ltr'>iudicis.</span> <span class='ocrx_word' id='word_1_20' title='bbox 1277 632 1447 716; x_wconf 86' lang='lat' dir='ltr'>probate</span> 
     </span>
     <span class='ocr_line' id='line_1_4' title="bbox 301 737 1445 821; baseline -0.001 -21"><span class='ocrx_word' id='word_1_21' title='bbox 301 756 396 820; x_wconf 89' lang='lat' dir='ltr'>super</span> <span class='ocrx_word' id='word_1_22' title='bbox 411 756 467 802; x_wconf 88' lang='lat' dir='ltr'>nos</span> <span class='ocrx_word' id='word_1_23' title='bbox 482 737 602 802; x_wconf 84' lang='lat' dir='ltr'>factum</span> <span class='ocrx_word' id='word_1_24' title='bbox 613 738 760 815; x_wconf 89' lang='lat' dir='ltr'>iudicem,</span> <span class='ocrx_word' id='word_1_25' title='bbox 777 741 874 821; x_wconf 87' lang='lat' dir='ltr'>probs</span> <span class='ocrx_word' id='word_1_26' title='bbox 890 739 930 802; x_wconf 90' lang='lat' dir='ltr'>ad</span> <span class='ocrx_word' id='word_1_27' title='bbox 945 741 1003 803; x_wconf 87' lang='lat' dir='ltr'>hoo</span> <span class='ocrx_word' id='word_1_28' title='bbox 1018 739 1050 802; x_wconf 88' lang='lat' dir='ltr'>te</span> <span class='ocrx_word' id='word_1_29' title='bbox 1066 737 1274 803; x_wconf 90' lang='lat' dir='ltr'>constitutum</span> <span class='ocrx_word' id='word_1_30' title='bbox 1290 737 1445 818; x_wconf 89' lang='lat' dir='ltr'>impera·</span> 
     </span>
     <span class='ocr_line' id='line_1_5' title="bbox 302 841 1446 923; baseline -0.001 -18"><span class='ocrx_word' id='word_1_31' title='bbox 302 844 414 919; x_wconf 89' lang='lat' dir='ltr'>torem,</span> <span class='ocrx_word' id='word_1_32' title='bbox 449 841 483 904; x_wconf 91' lang='lat' dir='ltr'>ut</span> <span class='ocrx_word' id='word_1_33' title='bbox 511 861 566 906; x_wconf 88' lang='lat' dir='ltr'>nos</span> <span class='ocrx_word' id='word_1_34' title='bbox 596 842 691 906; x_wconf 84' lang='lat' dir='ltr'>armis</span> <span class='ocrx_word' id='word_1_35' title='bbox 718 843 783 906; x_wconf 88' lang='lat' dir='ltr'>tuis</span> <span class='ocrx_word' id='word_1_36' title='bbox 807 842 848 906; x_wconf 90' lang='lat' dir='ltr'>ad</span> <span class='ocrx_word' id='word_1_37' title='bbox 870 860 993 907; x_wconf 89' lang='lat' dir='ltr'>emnem</span> <span class='ocrx_word' id='word_1_38' title='bbox 1016 841 1208 923; x_wconf 82' lang='lat' dir='ltr'>implendam</span> <span class='ocrx_word' id='word_1_39' title='bbox 1232 843 1446 906; x_wconf 85' lang='lat' dir='ltr'>uoluntatem</span> 
     </span>
     <span class='ocr_line' id='line_1_6' title="bbox 304 944 1477 1028; baseline -0.003 -20"><span class='ocrx_word' id='word_1_40' title='bbox 304 945 398 1008; x_wconf 89' lang='lat' dir='ltr'>amici</span> <span class='ocrx_word' id='word_1_41' title='bbox 419 945 467 1008; x_wconf 86' lang='lat' dir='ltr'>tui</span> <span class='ocrx_word' id='word_1_42' title='bbox 491 944 608 1009; x_wconf 88' lang='lat' dir='ltr'>diaboli</span> <span class='ocrx_word' id='word_1_43' title='bbox 630 945 829 1026; x_wconf 72' lang='lat' dir='ltr'>perduceres,</span> <span class='ocrx_word' id='word_1_44' title='bbox 864 963 936 1010; x_wconf 90' lang='lat' dir='ltr'>cum</span> <span class='ocrx_word' id='word_1_45' title='bbox 964 946 1096 1027; x_wconf 90' lang='lat' dir='ltr'>probare</span> <span class='ocrx_word' id='word_1_46' title='bbox 1118 962 1178 1009; x_wconf 86' lang='lat' dir='ltr'>non</span> <span class='ocrx_word' id='word_1_47' title='bbox 1210 947 1329 1028; x_wconf 79' lang='lat' dir='ltr'>poesie,</span> <span class='ocrx_word' id='word_1_48' title='bbox 1349 945 1477 1026; x_wconf 65' lang='lat' dir='ltr'>‚quiae</span> 
     </span>
     <span class='ocr_line' id='line_1_7' title="bbox 303 1047 1447 1132; baseline -0.001 -20"><span class='ocrx_word' id='word_1_49' title='bbox 303 1050 508 1132; x_wconf 86' lang='lat' dir='ltr'>praeceptum</span> <span class='ocrx_word' id='word_1_50' title='bbox 539 1049 580 1112; x_wconf 91' lang='lat' dir='ltr'>sit</span> <span class='ocrx_word' id='word_1_51' title='bbox 608 1048 666 1113; x_wconf 89' lang='lat' dir='ltr'>tibi</span> <span class='ocrx_word' id='word_1_52' title='bbox 694 1069 754 1115; x_wconf 85' lang='lat' dir='ltr'>nou</span> <span class='ocrx_word' id='word_1_53' title='bbox 785 1048 886 1114; x_wconf 90' lang='lat' dir='ltr'>solum</span> <span class='ocrx_word' id='word_1_54' title='bbox 909 1067 970 1112; x_wconf 87' lang='lat' dir='ltr'>non</span> <span class='ocrx_word' id='word_1_55' title='bbox 993 1047 1146 1113; x_wconf 89' lang='lat' dir='ltr'>dominari</span> <span class='ocrx_word' id='word_1_56' title='bbox 1171 1049 1345 1132; x_wconf 78' lang='lat' dir='ltr'>episcopie,</span> <span class='ocrx_word' id='word_1_57' title='bbox 1389 1047 1447 1112; x_wconf 90' lang='lat' dir='ltr'>sed</span> 
     </span>
     <span class='ocr_line' id='line_1_8' title="bbox 302 1152 1445 1231; baseline -0.002 -14"><span class='ocrx_word' id='word_1_58' title='bbox 302 1155 336 1217; x_wconf 89' lang='lat' dir='ltr'>et</span> <span class='ocrx_word' id='word_1_59' title='bbox 357 1154 404 1217; x_wconf 89' lang='lat' dir='ltr'>ita</span> <span class='ocrx_word' id='word_1_60' title='bbox 427 1171 533 1217; x_wconf 91' lang='lat' dir='ltr'>eorum</span> <span class='ocrx_word' id='word_1_61' title='bbox 556 1152 703 1218; x_wconf 83' lang='lat' dir='ltr'>oboedire</span> <span class='ocrx_word' id='word_1_62' title='bbox 719 1152 857 1231; x_wconf 88' lang='lat' dir='ltr'>statutis,</span> <span class='ocrx_word' id='word_1_63' title='bbox 880 1152 917 1216; x_wconf 88' lang='lat' dir='ltr'>ut</span> <span class='ocrx_word' id='word_1_64' title='bbox 932 1152 959 1217; x_wconf 90' lang='lat' dir='ltr'>si</span> <span class='ocrx_word' id='word_1_65' title='bbox 975 1153 1157 1217; x_wconf 85' lang='lat' dir='ltr'>subuertere</span> <span class='ocrx_word' id='word_1_66' title='bbox 1174 1172 1285 1218; x_wconf 90' lang='lat' dir='ltr'>eorum</span> <span class='ocrx_word' id='word_1_67' title='bbox 1304 1153 1445 1218; x_wconf 85' lang='lat' dir='ltr'>decreta</span> 
     </span>
     <span class='ocr_line' id='line_1_9' title="bbox 301 1255 1445 1340; baseline -0.001 -20"><span class='ocrx_word' id='word_1_68' title='bbox 301 1255 517 1340; x_wconf 88' lang='lat' dir='ltr'>temptaueris,</span> <span class='ocrx_word' id='word_1_69' title='bbox 548 1256 574 1320; x_wconf 89' lang='lat' dir='ltr'>si</span> <span class='ocrx_word' id='word_1_70' title='bbox 602 1255 699 1320; x_wconf 87' lang='lat' dir='ltr'>fueris</span> <span class='ocrx_word' id='word_1_71' title='bbox 727 1257 760 1320; x_wconf 92' lang='lat' dir='ltr'>in</span> <span class='ocrx_word' id='word_1_72' title='bbox 784 1255 929 1338; x_wconf 84' lang='lat' dir='ltr'>superbia</span> <span class='ocrx_word' id='word_1_73' title='bbox 952 1257 1192 1337; x_wconf 84' lang='lat' dir='ltr'>conprehensus,</span> <span class='ocrx_word' id='word_1_74' title='bbox 1223 1257 1333 1321; x_wconf 89' lang='lat' dir='ltr'>morte</span> <span class='ocrx_word' id='word_1_75' title='bbox 1360 1257 1445 1320; x_wconf 90' lang='lat' dir='ltr'>mori</span> 
     </span>
     <span class='ocr_line' id='line_1_10' title="bbox 299 1359 1442 1448; baseline 0 -26"><span class='ocrx_word' id='word_1_76' title='bbox 299 1360 407 1424; x_wconf 87' lang='lat' dir='ltr'>iussus</span> <span class='ocrx_word' id='word_1_77' title='bbox 431 1360 483 1437; x_wconf 91' lang='lat' dir='ltr'>sis,</span> <span class='ocrx_word' id='word_1_78' title='bbox 515 1360 671 1442; x_wconf 89' lang='lat' dir='ltr'>quomodo</span> <span class='ocrx_word' id='word_1_79' title='bbox 695 1359 799 1424; x_wconf 84' lang='lat' dir='ltr'>dicere</span> <span class='ocrx_word' id='word_1_80' title='bbox 821 1359 938 1442; x_wconf 86' lang='lat' dir='ltr'>poteris</span> <span class='ocrx_word' id='word_1_81' title='bbox 960 1359 1101 1424; x_wconf 85' lang='lat' dir='ltr'>iudicare</span> <span class='ocrx_word' id='word_1_82' title='bbox 1123 1360 1156 1423; x_wconf 92' lang='lat' dir='ltr'>te</span> <span class='ocrx_word' id='word_1_83' title='bbox 1178 1378 1271 1442; x_wconf 88' lang='lat' dir='ltr'>posse</span> <span class='ocrx_word' id='word_1_84' title='bbox 1299 1359 1342 1424; x_wconf 89' lang='lat' dir='ltr'>de</span> <span class='ocrx_word' id='word_1_85' title='bbox 1373 1361 1442 1448; x_wconf 92' lang='lat' dir='ltr'>epi-</span> 
     </span>
     <span class='ocr_line' id='line_1_11' title="bbox 302 1463 1472 1546; baseline -0.004 -19"><span class='ocrx_word' id='word_1_86' title='bbox 302 1463 415 1546; x_wconf 89' lang='lat' dir='ltr'>scopis,</span> <span class='ocrx_word' id='word_1_87' title='bbox 433 1463 547 1545; x_wconf 89' lang='lat' dir='ltr'>quibus</span> <span class='ocrx_word' id='word_1_88' title='bbox 561 1463 622 1527; x_wconf 87' lang='lat' dir='ltr'>nisi</span> <span class='ocrx_word' id='word_1_89' title='bbox 638 1463 823 1541; x_wconf 89' lang='lat' dir='ltr'>oboedieris,</span> <span class='ocrx_word' id='word_1_90' title='bbox 840 1464 914 1542; x_wconf 89' lang='lat' dir='ltr'>iam,</span> <span class='ocrx_word' id='word_1_91' title='bbox 932 1463 1083 1546; x_wconf 88' lang='lat' dir='ltr'>quantum</span> <span class='ocrx_word' id='word_1_92' title='bbox 1100 1463 1183 1546; x_wconf 88' lang='lat' dir='ltr'>apud</span> <span class='ocrx_word' id='word_1_93' title='bbox 1196 1463 1304 1540; x_wconf 90' lang='lat' dir='ltr'>deum,</span> <span class='ocrx_word' id='word_1_94' title='bbox 1322 1463 1442 1527; x_wconf 89' lang='lat' dir='ltr'>mortis</span> <span class='ocrx_word' id='word_1_95' title='bbox 1453 1485 1472 1521; x_wconf 82' lang='lat' dir='ltr'>ro</span> 
     </span>
     <span class='ocr_line' id='line_1_12' title="bbox 300 1565 1440 1648; baseline 0 -18"><span class='ocrx_word' id='word_1_96' title='bbox 300 1585 403 1648; x_wconf 87' lang='lat' dir='ltr'>poena</span> <span class='ocrx_word' id='word_1_97' title='bbox 417 1566 513 1630; x_wconf 79' lang='lat' dir='ltr'>trieris</span> <span class='ocrx_word' id='word_1_98' title='bbox 528 1567 702 1631; x_wconf 83' lang='lat' dir='ltr'>multatus?</span> <span class='ocrx_word' id='word_1_99' title='bbox 725 1584 797 1631; x_wconf 92' lang='lat' dir='ltr'>cum</span> <span class='ocrx_word' id='word_1_100' title='bbox 820 1567 897 1631; x_wconf 86' lang='lat' dir='ltr'>haec</span> <span class='ocrx_word' id='word_1_101' title='bbox 919 1565 966 1630; x_wconf 88' lang='lat' dir='ltr'>ita</span> <span class='ocrx_word' id='word_1_102' title='bbox 989 1566 1060 1644; x_wconf 89' lang='lat' dir='ltr'>sint,</span> <span class='ocrx_word' id='word_1_103' title='bbox 1084 1567 1130 1644; x_wconf 88' lang='lat' dir='ltr'>tu,</span> <span class='ocrx_word' id='word_1_104' title='bbox 1148 1567 1201 1648; x_wconf 89' lang='lat' dir='ltr'>qui</span> <span class='ocrx_word' id='word_1_105' title='bbox 1218 1585 1251 1630; x_wconf 90' lang='lat' dir='ltr'>es</span> <span class='ocrx_word' id='word_1_106' title='bbox 1267 1565 1440 1648; x_wconf 88' lang='lat' dir='ltr'>profanus,</span> 
     </span>
     <span class='ocr_line' id='line_1_13' title="bbox 303 1669 1438 1752; baseline -0.001 -19"><span class='ocrx_word' id='word_1_107' title='bbox 303 1671 343 1733; x_wconf 90' lang='lat' dir='ltr'>ad</span> <span class='ocrx_word' id='word_1_108' title='bbox 373 1670 424 1734; x_wconf 91' lang='lat' dir='ltr'>dei</span> <span class='ocrx_word' id='word_1_109' title='bbox 453 1670 643 1734; x_wconf 76' lang='lat' dir='ltr'>demesticos</span> <span class='ocrx_word' id='word_1_110' title='bbox 678 1689 775 1752; x_wconf 86' lang='lat' dir='ltr'>quare</span> <span class='ocrx_word' id='word_1_111' title='bbox 808 1670 902 1734; x_wconf 87' lang='lat' dir='ltr'>istam</span> <span class='ocrx_word' id='word_1_112' title='bbox 931 1670 989 1735; x_wconf 87' lang='lat' dir='ltr'>tibi</span> <span class='ocrx_word' id='word_1_113' title='bbox 1019 1669 1116 1734; x_wconf 88' lang='lat' dir='ltr'>sumis</span> <span class='ocrx_word' id='word_1_114' title='bbox 1146 1669 1196 1732; x_wconf 89' lang='lat' dir='ltr'>dei</span> <span class='ocrx_word' id='word_1_115' title='bbox 1226 1669 1438 1733; x_wconf 81' lang='lat' dir='ltr'>sacerdotum</span> 
     </span>
     <span class='ocr_line' id='line_1_14' title="bbox 302 1772 1437 1856; baseline 0.001 -21"><span class='ocrx_word' id='word_1_116' title='bbox 302 1773 539 1849; x_wconf 88' lang='lat' dir='ltr'>auctoritatem,</span> <span class='ocrx_word' id='word_1_117' title='bbox 568 1793 640 1837; x_wconf 89' lang='lat' dir='ltr'>cum</span> <span class='ocrx_word' id='word_1_118' title='bbox 664 1773 759 1838; x_wconf 86' lang='lat' dir='ltr'>etiam</span> <span class='ocrx_word' id='word_1_119' title='bbox 777 1774 861 1855; x_wconf 90' lang='lat' dir='ltr'>ipsos</span> <span class='ocrx_word' id='word_1_120' title='bbox 883 1772 1004 1837; x_wconf 88' lang='lat' dir='ltr'>iudices</span> <span class='ocrx_word' id='word_1_121' title='bbox 1028 1773 1163 1837; x_wconf 88' lang='lat' dir='ltr'>Iudaeos</span> <span class='ocrx_word' id='word_1_122' title='bbox 1189 1773 1277 1850; x_wconf 89' lang='lat' dir='ltr'>tunc,</span> <span class='ocrx_word' id='word_1_123' title='bbox 1304 1772 1437 1856; x_wconf 86' lang='lat' dir='ltr'>quando</span> 
     </span>
     <span class='ocr_line' id='line_1_15' title="bbox 300 1875 1438 1959; baseline 0.002 -20"><span class='ocrx_word' id='word_1_124' title='bbox 300 1876 332 1939; x_wconf 88' lang='lat' dir='ltr'>in</span> <span class='ocrx_word' id='word_1_125' title='bbox 361 1876 432 1958; x_wconf 83' lang='lat' dir='ltr'>lege</span> <span class='ocrx_word' id='word_1_126' title='bbox 456 1878 624 1942; x_wconf 85' lang='lat' dir='ltr'>manebant</span> <span class='ocrx_word' id='word_1_127' title='bbox 647 1875 707 1955; x_wconf 90' lang='lat' dir='ltr'>dei,</span> <span class='ocrx_word' id='word_1_128' title='bbox 738 1895 910 1959; x_wconf 79' lang='lat' dir='ltr'>exgenere</span> <span class='ocrx_word' id='word_1_129' title='bbox 933 1877 1050 1940; x_wconf 82' lang='lat' dir='ltr'>habere</span> <span class='ocrx_word' id='word_1_130' title='bbox 1077 1875 1254 1959; x_wconf 86' lang='lat' dir='ltr'>permiserit</span> <span class='ocrx_word' id='word_1_131' title='bbox 1278 1881 1363 1942; x_wconf 74' lang='lat' dir='ltr'>suo?</span> <span class='ocrx_word' id='word_1_132' title='bbox 1411 1879 1438 1941; x_wconf 79' lang='lat' dir='ltr'>si</span> 
     </span>
     <span class='ocr_line' id='line_1_16' title="bbox 300 1980 1467 2065; baseline 0.001 -22"><span class='ocrx_word' id='word_1_133' title='bbox 300 1980 396 2064; x_wconf 79' lang='lat' dir='ltr'>caim,</span> <span class='ocrx_word' id='word_1_134' title='bbox 418 1980 520 2063; x_wconf 87' lang='lat' dir='ltr'>inquit</span> <span class='ocrx_word' id='word_1_135' title='bbox 542 1981 678 2065; x_wconf 84' lang='lat' dir='ltr'>Moyses,</span> <span class='ocrx_word' id='word_1_136' title='bbox 708 1981 839 2065; x_wconf 77' lang='lat' dir='ltr'>diceris,</span> <span class='ocrx_word' id='word_1_137' title='bbox 869 1985 1008 2044; x_wconf 80' lang='lat' dir='ltr'>statuam</span> <span class='ocrx_word' id='word_1_138' title='bbox 1035 1999 1136 2062; x_wconf 80' lang='lat' dir='ltr'>sopra</span> <span class='ocrx_word' id='word_1_139' title='bbox 1164 2001 1213 2045; x_wconf 87' lang='lat' dir='ltr'>mc</span> <span class='ocrx_word' id='word_1_140' title='bbox 1232 1981 1434 2064; x_wconf 72' lang='lat' dir='ltr'>principem,</span> <span class='ocrx_word' id='word_1_141' title='bbox 1448 1997 1467 2036; x_wconf 69' lang='lat'>15</span> 
     </span>
     <span class='ocr_line' id='line_1_17' title="bbox 300 2083 1436 2167; baseline 0.001 -20"><span class='ocrx_word' id='word_1_142' title='bbox 300 2085 452 2164; x_wconf 79' lang='lat' dir='ltr'>quomodo</span> <span class='ocrx_word' id='word_1_143' title='bbox 473 2089 502 2148; x_wconf 88' lang='lat' dir='ltr'>ct</span> <span class='ocrx_word' id='word_1_144' title='bbox 522 2083 663 2166; x_wconf 78' lang='lat' dir='ltr'>retiquae</span> <span class='ocrx_word' id='word_1_145' title='bbox 683 2088 787 2167; x_wconf 80' lang='lat' dir='ltr'>pontes</span> <span class='ocrx_word' id='word_1_146' title='bbox 816 2103 895 2165; x_wconf 82' lang='lat' dir='ltr'>quoe</span> <span class='ocrx_word' id='word_1_147' title='bbox 923 2084 959 2147; x_wconf 82' lang='lat' dir='ltr'>to</span> <span class='ocrx_word' id='word_1_148' title='bbox 989 2083 1123 2148; x_wconf 75' lang='lat' dir='ltr'>circuitu</span> <span class='ocrx_word' id='word_1_149' title='bbox 1138 2103 1212 2167; x_wconf 77' lang='lat' dir='ltr'>occo,</span> <span class='ocrx_word' id='word_1_150' title='bbox 1236 2085 1436 2148; x_wconf 77' lang='lat' dir='ltr'>constitueras</span> 
     </span>
     <span class='ocr_line' id='line_1_18' title="bbox 301 2187 1435 2270; baseline 0.001 -21"><span class='ocrx_word' id='word_1_151' title='bbox 301 2188 471 2251; x_wconf 78' lang='lat' dir='ltr'>constituas</span> <span class='ocrx_word' id='word_1_152' title='bbox 502 2207 597 2269; x_wconf 81' lang='lat' dir='ltr'>super</span> <span class='ocrx_word' id='word_1_153' title='bbox 629 2192 657 2251; x_wconf 87' lang='lat' dir='ltr'>tc</span> <span class='ocrx_word' id='word_1_154' title='bbox 689 2188 796 2268; x_wconf 70' lang='lat' dir='ltr'>apsaro</span> <span class='ocrx_word' id='word_1_155' title='bbox 832 2187 1013 2268; x_wconf 76' lang='lat' dir='ltr'>principem</span> <span class='ocrx_word' id='word_1_156' title='bbox 1046 2206 1265 2270; x_wconf 80' lang='lat' dir='ltr'>quemcumque</span> <span class='ocrx_word' id='word_1_157' title='bbox 1305 2187 1435 2270; x_wconf 78' lang='lat' dir='ltr'>etcpcrit</span> 
     </span>
     <span class='ocr_line' id='line_1_19' title="bbox 298 2288 1434 2371; baseline 0.003 -19"><span class='ocrx_word' id='word_1_158' title='bbox 298 2289 448 2354; x_wconf 79' lang='lat' dir='ltr'>domiuus</span> <span class='ocrx_word' id='word_1_159' title='bbox 469 2292 546 2356; x_wconf 81' lang='lat' dir='ltr'>deos</span> <span class='ocrx_word' id='word_1_160' title='bbox 569 2294 653 2355; x_wconf 83' lang='lat' dir='ltr'>turos.</span> <span class='ocrx_word' id='word_1_161' title='bbox 677 2290 785 2371; x_wconf 74' lang='lat' dir='ltr'>ipsam</span> <span class='ocrx_word' id='word_1_162' title='bbox 807 2291 844 2355; x_wconf 86' lang='lat' dir='ltr'>de</span> <span class='ocrx_word' id='word_1_163' title='bbox 858 2288 1015 2370; x_wconf 74' lang='lat' dir='ltr'>fratribus</span> <span class='ocrx_word' id='word_1_164' title='bbox 1030 2290 1146 2354; x_wconf 80' lang='lat' dir='ltr'>uestris</span> <span class='ocrx_word' id='word_1_165' title='bbox 1160 2290 1341 2354; x_wconf 75' lang='lat' dir='ltr'>constitues.</span> <span class='ocrx_word' id='word_1_166' title='bbox 1367 2311 1434 2355; x_wconf 79' lang='lat' dir='ltr'>non</span> 
     </span>
     <span class='ocr_line' id='line_1_20' title="bbox 293 2391 1431 2474; baseline 0 -18"><span class='ocrx_word' id='word_1_167' title='bbox 293 2393 418 2472; x_wconf 73' lang='lat' dir='ltr'>poteris</span> <span class='ocrx_word' id='word_1_168' title='bbox 439 2394 626 2458; x_wconf 70' lang='lat' dir='ltr'>coodttuerc</span> <span class='ocrx_word' id='word_1_169' title='bbox 648 2413 745 2474; x_wconf 83' lang='lat' dir='ltr'>super</span> <span class='ocrx_word' id='word_1_170' title='bbox 773 2396 802 2456; x_wconf 89' lang='lat' dir='ltr'>tc</span> <span class='ocrx_word' id='word_1_171' title='bbox 825 2391 985 2457; x_wconf 78' lang='lat' dir='ltr'>homiuem</span> <span class='ocrx_word' id='word_1_172' title='bbox 1012 2392 1236 2473; x_wconf 66' lang='lat' dir='ltr'>altampetram,</span> <span class='ocrx_word' id='word_1_173' title='bbox 1273 2397 1431 2474; x_wconf 78' lang='lat' dir='ltr'>quoniam</span> 
     </span>
     <span class='ocr_line' id='line_1_21' title="bbox 298 2494 1462 2580; baseline 0.003 -21"><span class='ocrx_word' id='word_1_174' title='bbox 298 2516 366 2559; x_wconf 79' lang='lat' dir='ltr'>aon</span> <span class='ocrx_word' id='word_1_175' title='bbox 388 2501 432 2561; x_wconf 85' lang='lat' dir='ltr'>cst</span> <span class='ocrx_word' id='word_1_176' title='bbox 454 2495 556 2577; x_wconf 72' lang='lat' dir='ltr'>frater</span> <span class='ocrx_word' id='word_1_177' title='bbox 576 2501 686 2561; x_wconf 80' lang='lat' dir='ltr'>aester.</span> <span class='ocrx_word' id='word_1_178' title='bbox 711 2495 743 2559; x_wconf 91' lang='lat' dir='ltr'>et</span> <span class='ocrx_word' id='word_1_179' title='bbox 758 2494 969 2579; x_wconf 70' lang='lat' dir='ltr'>subsequitur,</span> <span class='ocrx_word' id='word_1_180' title='bbox 994 2514 1049 2559; x_wconf 88' lang='lat' dir='ltr'>cur</span> <span class='ocrx_word' id='word_1_181' title='bbox 1064 2495 1200 2560; x_wconf 86' lang='lat' dir='ltr'>noluerit</span> <span class='ocrx_word' id='word_1_182' title='bbox 1216 2495 1462 2580; x_wconf 58' lang='lat' dir='ltr'>alienigenam!⁰</span> 
     </span>
     <span class='ocr_line' id='line_1_22' title="bbox 299 2598 1429 2681; baseline 0.002 -19"><span class='ocrx_word' id='word_1_183' title='bbox 299 2598 369 2663; x_wconf 86' lang='lat' dir='ltr'>ficri</span> <span class='ocrx_word' id='word_1_184' title='bbox 391 2599 573 2681; x_wconf 87' lang='lat' dir='ltr'>principem,</span> <span class='ocrx_word' id='word_1_185' title='bbox 607 2618 646 2662; x_wconf 89' lang='lat' dir='ltr'>ne</span> <span class='ocrx_word' id='word_1_186' title='bbox 675 2598 799 2663; x_wconf 88' lang='lat' dir='ltr'>scilicet</span> <span class='ocrx_word' id='word_1_187' title='bbox 829 2598 869 2662; x_wconf 83' lang='lat' dir='ltr'>ad</span> <span class='ocrx_word' id='word_1_188' title='bbox 899 2599 1018 2663; x_wconf 85' lang='lat' dir='ltr'>sectum</span> <span class='ocrx_word' id='word_1_189' title='bbox 1048 2618 1137 2663; x_wconf 88' lang='lat' dir='ltr'>suam</span> <span class='ocrx_word' id='word_1_190' title='bbox 1164 2599 1307 2664; x_wconf 86' lang='lat' dir='ltr'>traheret</span> <span class='ocrx_word' id='word_1_191' title='bbox 1340 2601 1429 2665; x_wconf 86' lang='lat' dir='ltr'>alios.</span> 
     </span>
     <span class='ocr_line' id='line_1_23' title="bbox 300 2703 1430 2786; baseline 0.002 -20"><span class='ocrx_word' id='word_1_192' title='bbox 300 2704 467 2786; x_wconf 86' lang='lat' dir='ltr'>propterea</span> <span class='ocrx_word' id='word_1_193' title='bbox 490 2703 585 2767; x_wconf 86' lang='lat' dir='ltr'>dicit:</span> <span class='ocrx_word' id='word_1_194' title='bbox 608 2724 648 2768; x_wconf 82' lang='lat' dir='ltr'>ac</span> <span class='ocrx_word' id='word_1_195' title='bbox 669 2723 792 2768; x_wconf 81' lang='lat' dir='ltr'>rcaocos</span> <span class='ocrx_word' id='word_1_196' title='bbox 813 2722 870 2767; x_wconf 81' lang='lat' dir='ltr'>nos</span> <span class='ocrx_word' id='word_1_197' title='bbox 891 2704 927 2767; x_wconf 83' lang='lat' dir='ltr'>to</span> <span class='ocrx_word' id='word_1_198' title='bbox 941 2704 1127 2786; x_wconf 78' lang='lat' dir='ltr'>Aepyptum,</span> <span class='ocrx_word' id='word_1_199' title='bbox 1152 2703 1210 2767; x_wconf 91' lang='lat' dir='ltr'>hoc</span> <span class='ocrx_word' id='word_1_200' title='bbox 1229 2703 1277 2767; x_wconf 88' lang='lat' dir='ltr'>est</span> <span class='ocrx_word' id='word_1_201' title='bbox 1296 2703 1340 2768; x_wconf 88' lang='lat' dir='ltr'>ad</span> <span class='ocrx_word' id='word_1_202' title='bbox 1357 2704 1430 2768; x_wconf 93' lang='lat' dir='ltr'>ido-</span> 
     </span>
     <span class='ocr_line' id='line_1_24' title="bbox 298 2806 1429 2890; baseline 0.002 -21"><span class='ocrx_word' id='word_1_203' title='bbox 298 2807 402 2871; x_wconf 90' lang='lat' dir='ltr'>lorum</span> <span class='ocrx_word' id='word_1_204' title='bbox 436 2806 566 2883; x_wconf 87' lang='lat' dir='ltr'>cultum,</span> <span class='ocrx_word' id='word_1_205' title='bbox 601 2806 690 2889; x_wconf 91' lang='lat' dir='ltr'>quasi</span> <span class='ocrx_word' id='word_1_206' title='bbox 726 2807 754 2870; x_wconf 91' lang='lat' dir='ltr'>is</span> <span class='ocrx_word' id='word_1_207' title='bbox 786 2806 854 2889; x_wconf 88' lang='lat' dir='ltr'>qui,</span> <span class='ocrx_word' id='word_1_208' title='bbox 886 2807 1031 2890; x_wconf 83' lang='lat' dir='ltr'>inquam,</span> <span class='ocrx_word' id='word_1_209' title='bbox 1065 2807 1123 2870; x_wconf 89' lang='lat' dir='ltr'>tibi</span> <span class='ocrx_word' id='word_1_210' title='bbox 1153 2807 1313 2888; x_wconf 82' lang='lat' dir='ltr'>usurpasti</span> <span class='ocrx_word' id='word_1_211' title='bbox 1348 2808 1429 2871; x_wconf 87' lang='lat' dir='ltr'>hauc</span> 
     </span>
     <span class='ocr_line' id='line_1_25' title="bbox 299 2908 1431 2992; baseline -0.001 -18"><span class='ocrx_word' id='word_1_212' title='bbox 299 2910 522 2975; x_wconf 89' lang='lat' dir='ltr'>auctoritatem</span> <span class='ocrx_word' id='word_1_213' title='bbox 560 2912 653 2992; x_wconf 88' lang='lat' dir='ltr'>quam</span> <span class='ocrx_word' id='word_1_214' title='bbox 686 2909 745 2973; x_wconf 89' lang='lat' dir='ltr'>tibi</span> <span class='ocrx_word' id='word_1_215' title='bbox 776 2909 853 2974; x_wconf 89' lang='lat' dir='ltr'>deus</span> <span class='ocrx_word' id='word_1_216' title='bbox 885 2928 944 2973; x_wconf 87' lang='lat' dir='ltr'>nen</span> <span class='ocrx_word' id='word_1_217' title='bbox 977 2908 1118 2974; x_wconf 89' lang='lat' dir='ltr'>tradidit.</span> <span class='ocrx_word' id='word_1_218' title='bbox 1166 2910 1198 2973; x_wconf 92' lang='lat' dir='ltr'>et</span> <span class='ocrx_word' id='word_1_219' title='bbox 1230 2910 1257 2973; x_wconf 91' lang='lat' dir='ltr'>si</span> <span class='ocrx_word' id='word_1_220' title='bbox 1284 2909 1431 2974; x_wconf 91' lang='lat' dir='ltr'>traderet</span> 
     </span>
     <span class='ocr_line' id='line_1_26' title="bbox 302 3011 1461 3095; baseline 0 -18"><span class='ocrx_word' id='word_1_221' title='bbox 302 3014 334 3077; x_wconf 92' lang='lat' dir='ltr'>et</span> <span class='ocrx_word' id='word_1_222' title='bbox 366 3014 448 3078; x_wconf 88' lang='lat' dir='ltr'>inter</span> <span class='ocrx_word' id='word_1_223' title='bbox 480 3014 513 3077; x_wconf 89' lang='lat' dir='ltr'>tc</span> <span class='ocrx_word' id='word_1_224' title='bbox 549 3031 618 3078; x_wconf 90' lang='lat' dir='ltr'>esse</span> <span class='ocrx_word' id='word_1_225' title='bbox 652 3012 872 3095; x_wconf 89' lang='lat' dir='ltr'>permitteret,</span> <span class='ocrx_word' id='word_1_226' title='bbox 907 3013 1006 3095; x_wconf 90' lang='lat' dir='ltr'>primo</span> <span class='ocrx_word' id='word_1_227' title='bbox 1040 3011 1071 3076; x_wconf 88' lang='lat' dir='ltr'>io</span> <span class='ocrx_word' id='word_1_228' title='bbox 1105 3012 1174 3077; x_wconf 89' lang='lat' dir='ltr'>loeo</span> <span class='ocrx_word' id='word_1_229' title='bbox 1209 3011 1428 3077; x_wconf 76' lang='lat' dir='ltr'>Christianum</span> <span class='ocrx_word' id='word_1_230' title='bbox 1442 3026 1461 3065; x_wconf 79' lang='lat' dir='ltr'>s</span> 
     </span>
    </p>
   </div>
   <div class='ocr_carea' id='block_1_3' title="bbox 297 3114 1427 3508">
    <p class='ocr_par' dir='ltr' id='par_1_3' title="bbox 297 3114 1427 3508">
     <span class='ocr_line' id='line_1_27' title="bbox 298 3114 1427 3199; baseline -0.001 -20"><span class='ocrx_word' id='word_1_231' title='bbox 298 3117 331 3180; x_wconf 91' lang='lat' dir='ltr'>te</span> <span class='ocrx_word' id='word_1_232' title='bbox 362 3136 432 3181; x_wconf 87' lang='lat' dir='ltr'>csse</span> <span class='ocrx_word' id='word_1_233' title='bbox 462 3116 651 3199; x_wconf 84' lang='lat' dir='ltr'>oportuerat,</span> <span class='ocrx_word' id='word_1_234' title='bbox 684 3115 759 3197; x_wconf 89' lang='lat' dir='ltr'>quia</span> <span class='ocrx_word' id='word_1_235' title='bbox 788 3115 890 3179; x_wconf 89' lang='lat' dir='ltr'>scelus</span> <span class='ocrx_word' id='word_1_236' title='bbox 921 3114 1005 3179; x_wconf 86' lang='lat' dir='ltr'>esset</span> <span class='ocrx_word' id='word_1_237' title='bbox 1035 3114 1243 3197; x_wconf 84' lang='lat' dir='ltr'>alienigenam</span> <span class='ocrx_word' id='word_1_238' title='bbox 1273 3116 1325 3179; x_wconf 90' lang='lat' dir='ltr'>dei</span> <span class='ocrx_word' id='word_1_239' title='bbox 1357 3136 1427 3181; x_wconf 90' lang='lat' dir='ltr'>ser-</span> 
     </span>
     <span class='ocr_line' id='line_1_28' title="bbox 298 3218 1427 3301; baseline -0.001 -17"><span class='ocrx_word' id='word_1_240' title='bbox 298 3239 356 3284; x_wconf 91' lang='lat' dir='ltr'>uos</span> <span class='ocrx_word' id='word_1_241' title='bbox 389 3220 547 3297; x_wconf 86' lang='lat' dir='ltr'>iudicare,</span> <span class='ocrx_word' id='word_1_242' title='bbox 588 3219 750 3283; x_wconf 86' lang='lat' dir='ltr'>inimicum</span> <span class='ocrx_word' id='word_1_243' title='bbox 778 3218 940 3301; x_wconf 86' lang='lat' dir='ltr'>religionis</span> <span class='ocrx_word' id='word_1_244' title='bbox 975 3218 1165 3283; x_wconf 88' lang='lat' dir='ltr'>domesticos</span> <span class='ocrx_word' id='word_1_245' title='bbox 1199 3218 1258 3282; x_wconf 90' lang='lat' dir='ltr'>dei.</span> <span class='ocrx_word' id='word_1_246' title='bbox 1313 3218 1427 3283; x_wconf 86' lang='lat' dir='ltr'>deinde</span> 
     </span>
     <span class='ocr_line' id='line_1_29' title="bbox 297 3321 1426 3405; baseline -0.003 -17"><span class='ocrx_word' id='word_1_247' title='bbox 297 3324 326 3388; x_wconf 93' lang='lat' dir='ltr'>si</span> <span class='ocrx_word' id='word_1_248' title='bbox 349 3323 464 3388; x_wconf 84' lang='lat' dir='ltr'>fuisses</span> <span class='ocrx_word' id='word_1_249' title='bbox 488 3322 687 3388; x_wconf 81' lang='lat' dir='ltr'>Christianus</span> <span class='ocrx_word' id='word_1_250' title='bbox 711 3322 797 3386; x_wconf 87' lang='lat' dir='ltr'>otte</span> <span class='ocrx_word' id='word_1_251' title='bbox 819 3321 1005 3405; x_wconf 85' lang='lat' dir='ltr'>participem</span> <span class='ocrx_word' id='word_1_252' title='bbox 1028 3322 1202 3387; x_wconf 88' lang='lat' dir='ltr'>censuisset</span> <span class='ocrx_word' id='word_1_253' title='bbox 1226 3321 1305 3385; x_wconf 89' lang='lat' dir='ltr'>deus</span> <span class='ocrx_word' id='word_1_254' title='bbox 1321 3340 1426 3385; x_wconf 87' lang='lat' dir='ltr'>sacer-</span> 
     </span>
     <span class='ocr_line' id='line_1_30' title="bbox 299 3424 1425 3508; baseline -0.001 -19"><span class='ocrx_word' id='word_1_255' title='bbox 299 3425 427 3491; x_wconf 89' lang='lat' dir='ltr'>dotibus</span> <span class='ocrx_word' id='word_1_256' title='bbox 449 3426 518 3490; x_wconf 85' lang='lat' dir='ltr'>fieri</span> <span class='ocrx_word' id='word_1_257' title='bbox 541 3427 582 3491; x_wconf 88' lang='lat' dir='ltr'>ad</span> <span class='ocrx_word' id='word_1_258' title='bbox 604 3424 777 3508; x_wconf 84' lang='lat' dir='ltr'>regendum</span> <span class='ocrx_word' id='word_1_259' title='bbox 805 3424 955 3508; x_wconf 89' lang='lat' dir='ltr'>populum</span> <span class='ocrx_word' id='word_1_260' title='bbox 985 3424 1061 3503; x_wconf 89' lang='lat' dir='ltr'>eius,</span> <span class='ocrx_word' id='word_1_261' title='bbox 1098 3426 1204 3507; x_wconf 83' lang='lat' dir='ltr'>accipe</span> <span class='ocrx_word' id='word_1_262' title='bbox 1237 3424 1367 3506; x_wconf 87' lang='lat' dir='ltr'>qualem</span> <span class='ocrx_word' id='word_1_263' title='bbox 1393 3426 1425 3489; x_wconf 89' lang='lat' dir='ltr'>te</span> 
     </span>
    </p>
   </div>
   <div class='ocr_carea' id='block_1_4' title="bbox 401 3628 973 3693">
    <p class='ocr_par' dir='ltr' id='par_1_4' title="bbox 401 3628 973 3693">
     <span class='ocr_line' id='line_1_31' title="bbox 401 3628 973 3693; baseline 0.002 -11"><span class='ocrx_word' id='word_1_264' title='bbox 401 3629 435 3682; x_wconf 89' lang='grc'>14</span> <span class='ocrx_word' id='word_1_265' title='bbox 451 3630 531 3683; x_wconf 87' lang='lat' dir='ltr'>Deut.</span> <span class='ocrx_word' id='word_1_266' title='bbox 552 3631 650 3693; x_wconf 81' lang='grc'>17,14.</span> <span class='ocrx_word' id='word_1_267' title='bbox 671 3631 703 3683; x_wconf 86' lang='grc'>15</span> <span class='ocrx_word' id='word_1_268' title='bbox 773 3628 807 3682; x_wconf 92' lang='grc'>22</span> <span class='ocrx_word' id='word_1_269' title='bbox 824 3628 861 3683; x_wconf 92' lang='lat' dir='ltr'>ib.</span> <span class='ocrx_word' id='word_1_270' title='bbox 881 3631 920 3693; x_wconf 79' lang='lat'>17,</span> <span class='ocrx_word' id='word_1_271' title='bbox 941 3630 973 3684; x_wconf 87' lang='grc'>16</span> 
     </span>
    </p>
   </div>
   <div class='ocr_carea' id='block_1_5' title="bbox 294 3798 1424 3954">
    <p class='ocr_par' dir='ltr' id='par_1_5' title="bbox 294 3798 1424 3954">
     <span class='ocr_line' id='line_1_32' title="bbox 348 3798 1424 3869; baseline 0.002 -16"><span class='ocrx_word' id='word_1_272' title='bbox 348 3802 365 3853; x_wconf 86' lang='grc'><strong>9</strong></span> <span class='ocrx_word' id='word_1_273' title='bbox 382 3816 471 3869; x_wconf 74' lang='lat' dir='ltr'>posse*</span> <span class='ocrx_word' id='word_1_274' title='bbox 495 3803 515 3867; x_wconf 84' lang='lat' dir='ltr'>(s</span> <span class='ocrx_word' id='word_1_275' title='bbox 528 3802 611 3868; x_wconf 80' lang='lat' dir='ltr'>eras.)</span> <span class='ocrx_word' id='word_1_276' title='bbox 682 3798 714 3852; x_wconf 92' lang='grc'>12</span> <span class='ocrx_word' id='word_1_277' title='bbox 731 3800 812 3853; x_wconf 85' lang='lat' dir='ltr'>istam</span> <span class='ocrx_word' id='word_1_278' title='bbox 823 3816 848 3862; x_wconf 91' lang='lat' dir='ltr'>o,</span> <span class='ocrx_word' id='word_1_279' title='bbox 868 3799 955 3869; x_wconf 89' lang='lat' dir='ltr'>quistu</span> <span class='ocrx_word' id='word_1_280' title='bbox 972 3802 1001 3862; x_wconf 90' lang='lat' dir='ltr'>V,</span> <span class='ocrx_word' id='word_1_281' title='bbox 1022 3816 1116 3869; x_wconf 84' lang='lat' dir='ltr'>quaeso</span> <span class='ocrx_word' id='word_1_282' title='bbox 1129 3802 1159 3854; x_wconf 90' lang='lat' dir='ltr'>tu</span> <span class='ocrx_word' id='word_1_283' title='bbox 1170 3800 1241 3865; x_wconf 80' lang='lat' dir='ltr'>sort.</span> <span class='ocrx_word' id='word_1_284' title='bbox 1312 3800 1365 3855; x_wconf 90' lang='lat' dir='ltr'>tibi</span> <span class='ocrx_word' id='word_1_285' title='bbox 1377 3817 1424 3855; x_wconf 74' lang='lat' dir='ltr'>oou</span> 
     </span>
     <span class='ocr_line' id='line_1_33' title="bbox 294 3884 1424 3954; baseline 0 -14"><span class='ocrx_word' id='word_1_286' title='bbox 294 3903 312 3940; x_wconf 87' lang='lat' dir='ltr'>o</span> <span class='ocrx_word' id='word_1_287' title='bbox 381 3886 469 3954; x_wconf 88' lang='lat' dir='ltr'>sumis]</span> <span class='ocrx_word' id='word_1_288' title='bbox 487 3886 516 3938; x_wconf 92' lang='lat' dir='ltr'>in</span> <span class='ocrx_word' id='word_1_289' title='bbox 534 3885 600 3938; x_wconf 89' lang='lat' dir='ltr'>add.</span> <span class='ocrx_word' id='word_1_290' title='bbox 619 3900 639 3937; x_wconf 89' lang='lat' dir='ltr'>s.</span> <span class='ocrx_word' id='word_1_291' title='bbox 659 3885 675 3937; x_wconf 88' lang='grc'>1.</span> <span class='ocrx_word' id='word_1_292' title='bbox 695 3901 730 3937; x_wconf 83' lang='lat' dir='ltr'>m.</span> <span class='ocrx_word' id='word_1_293' title='bbox 747 3900 800 3938; x_wconf 84' lang='lat' dir='ltr'>rec.</span> <span class='ocrx_word' id='word_1_294' title='bbox 820 3890 879 3938; x_wconf 87' lang='lat' dir='ltr'>eto</span> <span class='ocrx_word' id='word_1_295' title='bbox 948 3884 1113 3939; x_wconf 86' lang='lat' dir='ltr'>sacerdotum</span> <span class='ocrx_word' id='word_1_296' title='bbox 1131 3885 1242 3953; x_wconf 79' lang='lat' dir='ltr'>scripsi,</span> <span class='ocrx_word' id='word_1_297' title='bbox 1262 3884 1424 3941; x_wconf 86' lang='lat' dir='ltr'>sacerdotem</span> 
     </span>
    </p>
   </div>
   <div class='ocr_carea' id='block_1_6' title="bbox 295 3959 1426 4257">
    <p class='ocr_par' dir='ltr' id='par_1_6' title="bbox 295 3959 1426 4257">
     <span class='ocr_line' id='line_1_34' title="bbox 301 3959 1426 4059; baseline -0.003 -14"><span class='ocrx_word' id='word_1_298' title='bbox 301 3992 340 4045; x_wconf 88' lang='lat' dir='ltr'>Vo</span> <span class='ocrx_word' id='word_1_299' title='bbox 410 3989 442 4042; x_wconf 86' lang='lat'>19</span> <span class='ocrx_word' id='word_1_300' title='bbox 460 3959 633 4056; x_wconf 61' lang='lat' dir='ltr'>alienigenirm</span> <span class='ocrx_word' id='word_1_301' title='bbox 652 3991 672 4055; x_wconf 79' lang='lat'>(⁸</span> <span class='ocrx_word' id='word_1_302' title='bbox 689 4005 723 4042; x_wconf 87' lang='lat' dir='ltr'>m.</span> <span class='ocrx_word' id='word_1_303' title='bbox 740 3990 805 4055; x_wconf 84' lang='lat' dir='ltr'>rec.)</span> <span class='ocrx_word' id='word_1_304' title='bbox 910 3988 943 4041; x_wconf 94' lang='grc'>22</span> <span class='ocrx_word' id='word_1_305' title='bbox 961 3992 1066 4045; x_wconf 81' lang='lat' dir='ltr'>reuocet</span> <span class='ocrx_word' id='word_1_306' title='bbox 1083 4007 1098 4045; x_wconf 89' lang='lat' dir='ltr'>o</span> <span class='ocrx_word' id='word_1_307' title='bbox 1201 3988 1235 4045; x_wconf 81' lang='lat'>23</span> <span class='ocrx_word' id='word_1_308' title='bbox 1250 3990 1327 4058; x_wconf 85' lang='lat' dir='ltr'>quasi</span> <span class='ocrx_word' id='word_1_309' title='bbox 1343 3990 1366 4043; x_wconf 84' lang='lat' dir='ltr'>is</span> <span class='ocrx_word' id='word_1_310' title='bbox 1385 3990 1426 4059; x_wconf 85' lang='lat' dir='ltr'>qui</span> 
     </span>
     <span class='ocr_line' id='line_1_35' title="bbox 296 4069 1424 4147; baseline 0.001 -17"><span class='ocrx_word' id='word_1_311' title='bbox 296 4069 405 4147; x_wconf 85' lang='lat' dir='ltr'>inquam</span> <span class='ocrx_word' id='word_1_312' title='bbox 417 4075 527 4143; x_wconf 78' lang='lat' dir='ltr'>scripsi,</span> <span class='ocrx_word' id='word_1_313' title='bbox 540 4074 614 4143; x_wconf 85' lang='lat' dir='ltr'>quasi</span> <span class='ocrx_word' id='word_1_314' title='bbox 627 4074 683 4143; x_wconf 89' lang='lat' dir='ltr'>quis</span> <span class='ocrx_word' id='word_1_315' title='bbox 694 4076 802 4143; x_wconf 86' lang='lat' dir='ltr'>inquam</span> <span class='ocrx_word' id='word_1_316' title='bbox 814 4077 845 4138; x_wconf 90' lang='lat' dir='ltr'>V,</span> <span class='ocrx_word' id='word_1_317' title='bbox 859 4076 933 4143; x_wconf 87' lang='lat' dir='ltr'>quasi</span> <span class='ocrx_word' id='word_1_318' title='bbox 946 4073 1019 4129; x_wconf 88' lang='lat' dir='ltr'>dicat</span> <span class='ocrx_word' id='word_1_319' title='bbox 1030 4076 1086 4145; x_wconf 90' lang='lat' dir='ltr'>quis</span> <span class='ocrx_word' id='word_1_320' title='bbox 1099 4092 1126 4128; x_wconf 89' lang='lat' dir='ltr'>es</span> <span class='ocrx_word' id='word_1_321' title='bbox 1138 4078 1168 4129; x_wconf 88' lang='lat' dir='ltr'>tu</span> <span class='ocrx_word' id='word_1_322' title='bbox 1179 4074 1288 4144; x_wconf 86' lang='lat' dir='ltr'>inquam</span> <span class='ocrx_word' id='word_1_323' title='bbox 1301 4075 1346 4144; x_wconf 91' lang='lat' dir='ltr'>qui</span> <span class='ocrx_word' id='word_1_324' title='bbox 1359 4077 1424 4131; x_wconf 73' lang='lat' dir='ltr'>Vra</span> 
     </span>
     <span class='ocr_line' id='line_1_36' title="bbox 295 4158 1357 4257; baseline -0.003 -41"><span class='ocrx_word' id='word_1_325' title='bbox 295 4178 347 4216; x_wconf 85' lang='lat' dir='ltr'>roc.</span> <span class='ocrx_word' id='word_1_326' title='bbox 366 4166 392 4215; x_wconf 88' lang='lat' dir='ltr'>et</span> <span class='ocrx_word' id='word_1_327' title='bbox 405 4177 435 4257; x_wconf 53' lang='lat'>3¹7,-</span> <span class='ocrx_word' id='word_1_328' title='bbox 453 4159 488 4225; x_wconf 78' lang='lat' dir='ltr'>cf.</span> <span class='ocrx_word' id='word_1_329' title='bbox 503 4176 533 4227; x_wconf 85' lang='lat' dir='ltr'>p.</span> <span class='ocrx_word' id='word_1_330' title='bbox 554 4162 594 4226; x_wconf 85' lang='lat'>77,</span> <span class='ocrx_word' id='word_1_331' title='bbox 613 4163 648 4212; x_wconf 90' lang='lat'>10</span> <span class='ocrx_word' id='word_1_332' title='bbox 665 4161 800 4228; x_wconf 87' lang='lat' dir='ltr'>tamquam</span> <span class='ocrx_word' id='word_1_333' title='bbox 817 4160 840 4212; x_wconf 94' lang='lat' dir='ltr'>is</span> <span class='ocrx_word' id='word_1_334' title='bbox 933 4158 966 4211; x_wconf 90' lang='grc'>25</span> <span class='ocrx_word' id='word_1_335' title='bbox 985 4158 1062 4229; x_wconf 85' lang='lat' dir='ltr'>inter]</span> <span class='ocrx_word' id='word_1_336' title='bbox 1081 4160 1109 4213; x_wconf 87' lang='lat' dir='ltr'>iu</span> <span class='ocrx_word' id='word_1_337' title='bbox 1127 4160 1197 4213; x_wconf 75' lang='lat' dir='ltr'>corat.</span> <span class='ocrx_word' id='word_1_338' title='bbox 1216 4158 1357 4213; x_wconf 76' lang='lat' dir='ltr'>Latinius</span> 
     </span>
    </p>
   </div>
   <div class='ocr_carea' id='block_1_7' title="bbox 295 4262 1191 4334">
    <p class='ocr_par' dir='ltr' id='par_1_7' title="bbox 295 4262 1191 4334">
     <span class='ocr_line' id='line_1_37' title="bbox 295 4262 1191 4334; baseline -0.003 -14"><span class='ocrx_word' id='word_1_339' title='bbox 295 4266 329 4320; x_wconf 82' lang='lat'>28</span> <span class='ocrx_word' id='word_1_340' title='bbox 347 4265 477 4334; x_wconf 84' lang='lat' dir='ltr'>partipcm</span> <span class='ocrx_word' id='word_1_341' title='bbox 566 4264 600 4317; x_wconf 86' lang='grc'>29</span> <span class='ocrx_word' id='word_1_342' title='bbox 618 4262 760 4331; x_wconf 86' lang='lat' dir='ltr'>regendum</span> <span class='ocrx_word' id='word_1_343' title='bbox 778 4264 848 4319; x_wconf 76' lang='lat' dir='ltr'>cont.</span> <span class='ocrx_word' id='word_1_344' title='bbox 869 4264 968 4327; x_wconf 79' lang='lat' dir='ltr'>Titiae,</span> <span class='ocrx_word' id='word_1_345' title='bbox 987 4262 1131 4332; x_wconf 82' lang='lat' dir='ltr'>gerendum</span> <span class='ocrx_word' id='word_1_346' title='bbox 1152 4264 1191 4317; x_wconf 88' lang='lat' dir='ltr'>Vo</span> 
     </span>
    </p>
   </div>
   <div class='ocr_carea' id='block_1_8' title="bbox 0 0 1530 5000">
    <p class='ocr_par' dir='ltr' id='par_1_8' title="bbox 0 0 1530 5000">
     <span class='ocr_line' id='line_1_38' title="bbox 0 0 1530 5000; baseline 0 0"><span class='ocrx_word' id='word_1_347' title='bbox 0 0 1530 5000; x_wconf 95' lang='lat' dir='ltr'> </span> 
     </span>
    </p>
   </div>
  </div>
 </body>
</html>
