3050 5000
289 342 333 406 32
769 340 919 396 Luciferi

285 530 492 604 tenebrarum,
529 531 633 612 mepte
661 535 767 596 actem
800 532 990 616 redcrpus'tc.
1030 533 1198 612 noluimus,
1233 533 1311 616 quia
1333 534 1417 597 haee

284 632 435 698 mandata
450 634 673 717 acceperimus,
690 635 853 702 uobiscum
867 635 1023 701 demorari
1035 637 1123 701 ducti
1135 637 1283 702 inanibus
1294 635 1418 700 uestris

284 735 399 814 uerbis,
421 755 461 801 ne
484 737 607 802 scilicet
627 737 751 802 ueniret
772 757 866 822 super
887 739 1023 817 noeirs,
1046 739 1141 804 sicuti
1156 740 1252 805 etiam
1275 739 1368 805 uenit
1385 739 1419 802 et

283 837 418 903 uenture
440 840 490 904 est
509 841 541 904 in
563 859 631 919 uos,
654 842 686 906 in
707 841 740 905 te
763 843 859 924 atque
875 842 959 919 tuos,
981 842 1013 906 in
1029 861 1086 909 uos
1100 843 1184 908 filios
1203 842 1415 908 diffidentiae.

283 942 440 1008 noluimus
464 943 546 1009 effici
567 945 737 1028 participes
750 945 963 1024 tenebrarum,
986 947 1143 1029 siquidem
1162 947 1229 1012 iam
1243 945 1417 1011 credentes
1440 958 1453 996 ⁵

283 1044 316 1108 in
338 1045 466 1112 unicum
489 1048 540 1112 dei
562 1047 663 1114 filium
677 1049 837 1116 mandatis
852 1049 920 1114 eius
934 1049 1111 1116 maiestatis
1126 1069 1236 1133 parere
1251 1048 1415 1131 cupiendo

285 1166 323 1212 er
344 1148 407 1213 illis
431 1151 601 1216 eradentes
615 1151 754 1218 tenebris
775 1152 830 1217 lux
846 1152 923 1218 iacti
937 1151 1089 1216 fuerimus
1110 1154 1143 1218 in
1160 1153 1302 1227 domin03
1325 1151 1415 1215 unde

282 1269 340 1316 nec
352 1253 509 1318 mandatis
520 1255 584 1320 tuis
599 1255 776 1320 tenebrosis
789 1256 996 1337 paruerimus,
1010 1255 1084 1338 quia
1094 1254 1207 1322 fnisset
1217 1255 1417 1320 sceleratum

283 1352 365 1421 filios
386 1355 467 1421 lucis
488 1358 579 1424 tuum
600 1357 705 1424 facere
722 1378 800 1442 opus
813 1359 982 1438 tenebrosi,
1006 1360 1081 1442 quia
1095 1361 1127 1424 et
1141 1358 1265 1424 tructus
1280 1356 1416 1422 luminis

283 1458 324 1524 sit
348 1459 509 1526 ambulare
530 1462 562 1526 in
583 1462 706 1527 iustitia
728 1462 761 1526 et
782 1462 917 1529 uerimte
940 1465 973 1528 et
992 1463 1024 1528 in
1048 1463 1133 1528 omni
1153 1462 1305 1529 bonitate.
1430 1472 1453 1510 ¹⁰

324 1561 392 1626 XV.
408 1563 496 1628 Dicis
506 1581 563 1628 nos
577 1564 682 1628 iacere
696 1563 813 1646 inique,
829 1565 915 1647 quod
924 1565 1061 1632 nolimus
1075 1566 1231 1631 haeresim
1246 1565 1416 1647 suscipere

281 1665 381 1744 tuam,
405 1666 489 1748 qnod
511 1685 571 1732 non
593 1667 700 1731 tecum
723 1667 818 1749 atque
840 1686 913 1732 cum
930 1668 996 1734 tuis
1018 1669 1166 1734 aeternae
1187 1668 1305 1734 fuerint
1326 1667 1415 1732 fixae

284 1769 451 1834 amicitiae.
498 1770 604 1852 accipe
627 1769 711 1853 qnod
725 1771 833 1836 Moses
856 1770 969 1836 fecerit
991 1772 1031 1836 de
1054 1770 1238 1854 alienigenis
1253 1773 1413 1853 tempore,

283 1890 344 1953 quo
366 1872 474 1938 iubere
498 1873 546 1940 est
568 1875 597 1938 ei
621 1873 768 1957 dignatus
790 1875 879 1952 deus,
902 1875 938 1939 ut
959 1875 1088 1940 mittens
1103 1875 1226 1939 certum
1241 1892 1415 1938 nnmerum

281 1977 499 2042 israelitarum
528 1997 581 2042 ore
608 1978 707 2060 gladii
735 1978 927 2060 perdidisset
949 1979 1085 2060 quinque
1107 1977 1235 2042 Madiae
1257 1995 1355 2059 reges
1380 1978 1414 2040 et
1428 1999 1454 2038 ιε

281 2080 392 2155 Moab3
416 2081 469 2162 qni
493 2080 641 2146 destinati
665 2081 706 2146 ad
726 2080 881 2163 proelium
903 2081 1078 2146 interfectis
1094 2080 1238 2146 omnibus
1253 2081 1412 2157 maribus,

281 2185 365 2267 quod
399 2185 486 2249 serui
518 2185 716 2268 pepercerint
744 2184 880 2251 femineo
907 2184 1093 2261 occurrenti,
1128 2183 1270 2266 increpat
1298 2184 1414 2248 Moses

280 2288 382 2352 Israel
416 2287 518 2366 filios,
557 2307 613 2352 cur
650 2307 710 2354 non
749 2289 844 2354 etiam
881 2306 991 2352 sexum
1025 2287 1197 2352 femineum
1234 2286 1413 2364 delessent,

281 2392 313 2454 et
334 2392 423 2456 iubet
444 2410 551 2457 coram
574 2410 607 2455 se
631 2391 760 2458 easdem
782 2391 927 2469 interfici,
958 2390 1127 2458 adfirmans
1150 2390 1235 2473 quod
1257 2391 1343 2454 enim
1371 2390 1414 2454 ad

279 2493 366 2560 idola
391 2493 551 2561 adoranda
571 2494 701 2576 possent
728 2494 836 2578 populi
863 2495 994 2561 inlicere
1015 2495 1148 2561 mentes.
1193 2493 1355 2576 siitaqne
1382 2494 1451 2559 etc

280 2616 337 2663 nos
360 2597 404 2661 sic
429 2614 611 2663 execramur
639 2598 795 2663 haeresim
822 2600 912 2663 tuam
939 2600 975 2664 ut
996 2599 1105 2665 Moses
1124 2596 1351 2675 idololatriam,
1386 2598 1414 2662 si

282 2701 327 2766 sic
353 2700 385 2764 et
406 2699 535 2781 quidem
558 2700 609 2765 dei
630 2701 737 2783 gladio
760 2701 896 2767 interfici
919 2702 1083 2784 cupiemus
1098 2703 1246 2767 haeresos
1261 2702 1411 2767 omnium

282 2802 458 2867 nestrorum
482 2803 661 2881 errantium,
692 2804 849 2885 quomodo
880 2805 912 2868 et
939 2806 1047 2871 Moses
1068 2804 1141 2869 illas
1163 2804 1257 2869 idolis
1278 2805 1412 2869 manci-

278 2904 380 2987 patas,
405 2906 431 2970 si
452 2906 500 2970 ita
520 2924 578 2971 uos
601 2905 759 2988 fugiamus
780 2907 942 2989 religionis
972 2908 1023 2973 dei
1053 2909 1262 2987 aduersarios,
1291 2909 1330 2972 ut
1350 2908 1413 2973 ille

232 3034 235 3041 ¹
280 3009 361 3093 fingit
382 3010 539 3077 idolorum
562 3010 710 3088 cultores,
735 3012 951 3077 existimares
965 3011 1071 3077 iacere
1088 3013 1176 3076 recto
1193 3012 1411 3077 abstrahendo
1425 3031 1450 3069 2⁵

278 3116 400 3179 nosmet
424 3133 442 3177 a
463 3114 563 3178 uobis.
609 3114 766 3195 quomodo
794 3114 909 3178 etenim
939 3115 1106 3180 conuenire
1128 3115 1217 3180 nohis
1238 3114 1413 3179 uobiscum

276 3218 438 3299 potuerat,
473 3237 545 3283 cum
570 3217 610 3283 ad
637 3217 854 3301 Philippenses
883 3218 1013 3283 dixerit:
1042 3220 1146 3284 uidem
1173 3220 1410 3294 castrametata

278 3321 378 3385 motos
393 3324 578 3403 operarios?
602 3340 659 3387 nos
675 3339 780 3398 canes,
795 3320 896 3386 malos
913 3320 1071 3403 operarios
1087 3323 1157 3403 anis
1173 3321 1225 3386 dei
1240 3338 1409 3386 seruorum

278 3442 340 3488 non
362 3423 486 3506 fugeret
513 3425 573 3489 nisi
596 3424 649 3507 qui
673 3442 707 3489 se
728 3442 790 3489 non
812 3425 1008 3490 meminisset
1031 3424 1264 3491 Christianum?
1300 3424 1406 3500 uobis,
1505 3425 1506 3464 3

279 3527 453 3593 aduersari-i
477 3527 528 3591 dei
550 3528 720 3610 religionis,
750 3527 835 3593 serui
858 3528 977 3594 Christi
1004 3528 1208 3610 potueramus
1230 3544 1300 3593 esse
1322 3544 1406 3590 con·
1419 3543 1445 3581 ω
1505 3549 1506 3556 “

277 3629 386 3707 iuncti,
410 3649 483 3695 cnm
506 3630 685 3695 exhortetur
707 3630 804 3696 Iudas
825 3630 981 3713 gloriosus
1004 3630 1165 3714 apostolus
1180 3629 1280 3694 frater
1293 3629 1408 3694 Iacohi
1505 3721 1506 3728 ἵ

380 3832 413 3885 27
431 3831 500 3887 Phil:
518 3831 543 3895 3,
562 3831 579 3885 2

328 4021 541 4074 11n01uimuso
622 4020 654 4073 12
672 4025 779 4076 aeterne
860 4022 892 4075 13
910 4021 1044 4077 amiticiae
1123 4021 1161 4075 141
1175 4024 1201 4077 ei
1218 4022 1342 4092 digmtus
1361 4026 1404 4075 est

275 4124 292 4161 c
383 4106 415 4159 15
433 4104 627 4159 israhelitarum
722 4107 755 4161 18
772 4107 869 4161 israhel
963 4109 1046 4164 eciam
1140 4108 1334 4162 delenimento

274 4191 308 4244 25
327 4192 447 4247 existima
464 4193 575 4261 scripsi,
594 4192 726 4247 existimas
748 4194 787 4248 Vc
889 4210 937 4248 noe
959 4196 990 4258 V,
1009 4211 1057 4247 nos
1074 4210 1161 4248 nono
1263 4193 1297 4248 26
1315 4194 1405 4263 uobis]

275 4276 350 4330 nobis
420 4276 453 4330 27
471 4276 621 4346 filippenses
691 4278 724 4331 30
742 4277 900 4333 aduersariis
917 4280 1020 4347 molera
1037 4280 1074 4346 cl.
1088 4298 1117 4348 p.
1137 4284 1183 4343 24,
1201 4285 1235 4333 11
