3050 5000
591 345 780 414 Epistulae.
1188 345 1251 414 329

105 532 328 598 recitauimus
352 534 446 616 atqm
471 533 698 600 insinuauimus
727 535 881 618 episeopis
903 535 1003 602 Italis.
1033 537 1115 602 unde
1144 536 1253 602 contra

111 635 265 702 diuinam
286 637 391 722 legem
417 639 521 704 uisum
551 639 600 704 est
627 638 732 717 etiam,
761 658 834 704 cum
862 639 1077 722 episcoporum
1105 657 1253 704 numerus

108 757 175 820 pro
201 739 372 805 Athanasio
387 741 488 805 maior
504 741 661 818 existeret,
679 741 711 805 in
726 743 817 823 parte
840 741 945 826 aliqua
960 743 1160 808 comedere
1176 761 1252 808 con·

112 860 259 906 sensum.
277 844 354 908 haec
370 844 496 926 scripta,
512 844 540 909 si
556 843 614 908 deo
629 843 726 910 fidem
739 844 843 922 debet,
862 845 1055 912 Theosebius
1070 847 1123 928 qui
1138 846 1254 920 missus

79 944 227 1009 ⁵fuerat
248 945 399 1010 festinans
423 946 463 1010 acl
485 946 624 1011 Africam
645 948 734 1012 nobis
755 948 892 1030 reliquit,
916 969 997 1032 quoe
1014 950 1122 1014 tamon
1143 949 1253 1033 postea

116 1049 230 1112 omnia
252 1050 379 1132 scripta,
403 1068 442 1114 ne
470 1049 511 1114 ad
534 1049 767 1132 impetrandum
789 1050 870 1116 forte
899 1053 1067 1116 concilium
1097 1051 1252 1126 deessent,

114 1151 310 1216 Vincentius
333 1152 387 1234 qui
416 1170 489 1218 cum
517 1153 632 1216 ceteris
657 1153 784 1236 legatus
812 1153 927 1218 missus
956 1153 1060 1219 linerat
1089 1154 1253 1225 Arelatum

117 1253 265 1336 pertulit

165 1355 264 1420 Videt
291 1356 387 1440 igitur
413 1356 581 1439 prudentia
607 1357 663 1421 tua
690 1356 769 1421 nihil
802 1357 940 1422 animum
972 1377 1080 1424 meum
1109 1357 1253 1424 introisse

68 1475 103 1514 10
119 1459 210 1541 quod
233 1458 291 1523 deo
307 1459 516 1524 sentientibus
530 1477 592 1524 non
607 1458 735 1542 dignum
749 1458 854 1524 fuerat
875 1460 1023 1544 cogitare.
1039 1462 1132 1526 tostis
1147 1462 1253 1527 autem

121 1561 174 1624 est
183 1561 261 1624 mihi
278 1561 365 1639 deus,
381 1561 473 1626 testis
486 1561 535 1627 est
550 1560 618 1626 tota
632 1579 705 1626 cum
720 1562 786 1626 suis
800 1563 949 1628 membris
973 1564 1110 1629 ecclesia
1123 1584 1174 1630 me
1189 1563 1253 1628 fide

121 1665 157 1728 et
177 1665 307 1751 me<tu>
330 1666 363 1730 iu
386 1665 481 1730 deum
511 1684 618 1730 meum
646 1666 761 1729 cuncta
785 1665 953 1744 mundana,
976 1666 1022 1730 ita
1051 1668 1086 1730 ut
1113 1684 1252 1750 euange-

119 1765 188 1830 lica
210 1768 242 1830 et
264 1768 438 1851 apostolica
459 1768 540 1833 ratio
563 1767 732 1850 praecepit,
748 1768 873 1834 calcare
895 1770 990 1851 atque
1013 1769 1169 1846 calcasse3
1193 1788 1252 1834 non

120 1856 229 1937 furore
256 1872 425 1937 temerario
454 1870 511 1936 sel
539 1870 708 1935 constituto
738 1871 831 1952 atque
855 1872 1021 1936 obseruate
1051 1873 1118 1937 iure
1148 1872 1253 1939 diuino

76 1988 109 2028 1⁵
125 1977 221 2058 atque
243 1974 275 2039 in
298 1975 359 2040 alio
380 1973 554 2038 ministerio
578 1972 795 2037 ecclesiastice
817 1973 928 2038 uiuens
950 1975 1028 2039 nihil
1050 1994 1106 2058 per
1127 1976 1252 2040 iactare

124 2079 214 2157 tiam,
235 2078 313 2144 nihil
333 2097 390 2160 per
411 2078 531 2160 gloriae
553 2076 759 2160 cupiditatem
783 2076 866 2159 quod
889 2076 929 2141 ed
951 2077 1055 2160 legem
1077 2075 1254 2160 pertinebat

124 2182 270 2265 impleui;
298 2182 393 2264 atque
422 2181 464 2245 ad
484 2180 572 2246 istud
593 2179 741 2255 officium,
763 2179 855 2244 testis
879 2180 927 2244 est
947 2181 1024 2245 mihi
1054 2179 1131 2244 deus
1153 2198 1252 2255 meus,

125 2286 244 2350 inuitus
273 2285 404 2363 accessi,
425 2285 458 2349 in
481 2303 541 2366 quo
564 2283 655 2366 cupio
679 2281 806 2365 quidem
829 2283 894 2346 sine
925 2283 1040 2347 offensa
1068 2282 1129 2360 lei,
1158 2301 1253 2364 quam

128 2388 182 2452 diu
217 2389 249 2452 in
277 2388 402 2453 saeculo
432 2387 528 2467 luero,
557 2407 750 2471 permanere,
781 2389 813 2451 et
835 2406 1004 2470 numquam
1032 2405 1104 2452 mea
1134 2386 1254 2450 statuta

82 2503 113 2543 ²⁰
128 2491 185 2557 sod
208 2491 379 2575 apostolica
400 2490 437 2556 ut
465 2492 570 2557 essent
597 2510 719 2575 semper
746 2490 871 2555 firmata
894 2490 925 2555 et
947 2489 1105 2555 custodita
1127 2488 1252 2573 perfeci.

129 2595 256 2661 secutus
283 2613 403 2659 merem
426 2595 629 2676 ordinemque
651 2594 806 2658 maiorum
828 2594 906 2659 nihil
929 2593 1036 2658 addidi
1061 2591 1253 2676 episcopatui

128 2698 215 2763 urbis
236 2698 366 2775 Rornae,
388 2697 467 2761 nihil
487 2697 585 2761 minui
606 2715 718 2779 passus
741 2714 810 2761 sum
834 2696 865 2760 et
886 2696 974 2761 illam
996 2694 1092 2761 fidem
1115 2714 1253 2769 seruans,

131 2819 209 2883 quae
220 2819 275 2883 per
288 2800 519 2865 successionem
528 2800 688 2864 tantorum
701 2799 916 2882 episcoporum
928 2798 1075 2877 cucurrit,
1094 2817 1130 2863 er
1143 2798 1254 2881 quibus

130 2902 234 2985 plures
255 2902 407 2985 martyres
429 2901 609 2978 extiterunt,
631 2901 798 2966 inlibatam
820 2900 970 2965 custodiri
986 2920 1109 2984 semper
1133 2901 1253 2983 exopto.

89 3030 118 3071 aa
172 3005 312 3087 Denique
333 3005 397 3068 iam
421 3004 541 3087 aperire
562 3022 668 3069 meam
690 3014 828 3069 eausam·
845 3003 955 3085 pietati
976 3004 1051 3067 tuae
1075 3001 1254 3067 sollicitudo

135 3108 347 3173 ecclesiastica
364 3109 457 3190 atque
472 3107 542 3190 ipsa
557 3106 683 3171 deuotio
698 3105 876 3188 persuadet.
895 3105 1073 3187 significant
1088 3104 1255 3169 orientales

133 3211 201 3295 paci
216 3230 250 3275 se
265 3210 390 3275 nostrae
406 3209 490 3274 uelle
508 3192 663 3291 coniungi
688 3227 768 3291 quae
785 3207 834 3271 est
848 3218 917 3290 pax,
934 3207 1176 3271 clementissime
1192 3206 1254 3271 irn-

133 3314 263 3395 perator‚
287 3331 359 3376 cum
375 3312 438 3375 sint
454 3311 646 3393 expertibus
662 3311 739 3393 ipsis
755 3311 902 3393 quattuor
918 3310 1057 3393 episcopi
1071 3308 1253 3389 Demofilus

134 3416 345 3493 Macedonius‚
379 3415 550 3493 undenus,
572 3414 753 3499 Martyrium
782 3414 835 3495 qui
864 3415 935 3478 ante
965 3432 1060 3478 annes
1089 3414 1159 3478 octo
1182 3432 1255 3477 eum

183 3656 352 3709 3consenm
368 3654 435 3707 haec
509 3653 672 3707 thiusebius
691 3653 786 3707 Oouat.
863 3666 965 3706 messus
1044 3653 1188 3721 troliquid

136 3759 198 3813 quae
213 3745 306 3797 tumen
321 3759 347 3806 o,
366 3756 449 3795 em
470 3742 497 3797 V
571 3740 724 3795 6eooilium
804 3740 900 3809 lpeat
917 3738 1005 3803 fuerat
1021 3739 1108 3793 cerea
1125 3737 1282 3793 feshnana·

135 3829 169 3884 ad
185 3827 264 3883 office
286 3827 364 3883 nohis
386 3826 499 3896 reliquid
522 3842 589 3896 quae
610 3827 702 3879 tumen
719 3827 813 3893 postea
830 3826 919 3881 omnia
935 3825 1034 3892 scripta
1050 3839 1083 3875 ne
1100 3852 1135 3864 —
1151 3824 1255 3893 legatus

137 3916 206 3983 soleo
217 3914 351 3984 repetiuit
418 3913 528 3967 Arelate
538 3913 605 3966 Lot.
669 3912 854 3965 9inanimnm
867 3911 960 3965 (locat.
1026 3908 1057 3961 11
1071 3910 1187 3991 estotota

137 4017 168 4071 12
188 4019 258 4070 metu
277 4016 379 4084 Ceret,
400 4030 443 4067 me
465 4016 517 4083 Vo‚·
545 4015 573 4068 et
595 4029 638 4068 me
661 4029 721 4081 corp.
740 4014 808 4067 Lat.
912 4012 945 4065 13
968 4010 1096 4080 praecipit
1119 4010 1185 4075 sort.

138 4101 373 4157 reuerterentur
466 4100 499 4153 18
517 4101 578 4168 qno]
596 4115 627 4153 eo
717 4097 749 4151 21
771 4097 834 4151 addi
851 4098 917 4155 Lat.
936 4104 962 4151 et
982 4097 1075 4151 Currat.
1162 4089 1196 4147 24
1214 4111 1255 4149 ex·

139 4187 196 4243 otto
280 4187 313 4240 25
331 4186 433 4255 aperire
451 4187 522 4242 corti.
540 4187 618 4251 Lot,
634 4201 677 4239 me
696 4185 796 4253 aperire
815 4184 917 4252 Ocuri„
934 4182 1018 4251 perire
1040 4182 1065 4235 V
1143 4195 1203 4233 mea
1224 4182 1251 4235 V

139 4273 292 4328 emoverat.
362 4271 395 4324 27
413 4272 472 4339 paci
492 4288 520 4325 se
538 4272 608 4327 coni.
627 4271 774 4338 Lethaios,
792 4269 864 4338 pacis
883 4270 910 4323 ct
932 4269 978 4335 Vc,
996 4267 1055 4335 paci
1074 4265 1167 4321 orest.
