3050 5000
299 343 365 409 280
785 342 939 397 Luciferi

299 532 503 616 eaanpels'cm
531 533 615 614 qaod
641 550 709 597 aare
743 537 788 597 est
816 531 924 612 alasa,
953 533 1020 597 atsi
1047 535 1124 597 saort
1156 530 1271 613 aliqui
1303 532 1361 611 qai
1390 552 1440 596 aos

300 636 491 702 ammae
512 639 543 701 et
563 635 680 701 uoluat
701 640 882 703 mesenen
903 636 1105 719 eaaapdisun
1129 634 1270 701 deeset.
1296 634 1353 699 sed
1376 634 1441 699 tice

300 755 361 805 noc
382 743 442 805 aut
462 739 596 823 melas
618 739 656 804 de
677 740 764 805 caelo
786 739 1057 823 eaacpelieaaerit
1076 742 1324 821 praeterquam
1346 757 1439 802 araa-

299 841 513 925 pateamus
534 840 634 923 aedis,
655 841 828 907 anathem
849 843 901 907 se.
934 842 1019 908 sieut
1031 840 1282 925 praediximus,
1310 844 1343 904 et
1363 860 1440 903 mac

300 946 419 1010 iterum
439 945 526 1011 dieo:
546 946 577 1009 si
591 946 665 1027 qais
678 944 768 1009 codis
783 944 1030 1011 &namtarum
1043 964 1141 1026 qaam
1156 944 1249 1026 qaod
1265 943 1440 1024 accepistis,
1457 971 1463 1007 s

302 1048 476 1116 anamma
496 1049 547 1115 sit.
589 1048 622 1111 et
647 1046 684 1112 tu
713 1048 875 1113 arbitraris
902 1048 988 1113 aliud
1009 1067 1101 1130 posse
1124 1048 1158 1112 te
1182 1046 1336 1111 iudicari
1360 1066 1440 1110 ame

301 1152 363 1217 nisi
385 1152 647 1228 anathemasse,
671 1170 743 1216 cum
764 1151 924 1216 inueniam
945 1153 977 1217 te
995 1152 1085 1216 aliter
1101 1150 1344 1233 euangelizare
1358 1168 1441 1230 quan

300 1253 500 1321 tradiderunt
521 1256 607 1321 beati
623 1256 766 1339 apostoli.
804 1274 876 1320 cnm
898 1256 1006 1338 itaque
1027 1256 1117 1321 andis
1142 1274 1161 1321 a
1184 1274 1242 1319 me
1264 1254 1360 1336 quod
1375 1272 1440 1315 ana-

302 1358 411 1423 thema
432 1360 567 1425 habeam
594 1362 627 1424 te
650 1360 920 1443 euangelizantsm
944 1358 1035 1424 aliter
1058 1378 1153 1442 quam
1178 1358 1440 1440 euangelinarunt

303 1461 447 1543 apostoli,
471 1462 499 1526 ei
521 1462 610 1527 dicae
632 1481 683 1526 me
704 1462 901 1540 iniuriosum,
925 1462 1051 1527 mentiri
1072 1462 1105 1525 te
1129 1480 1358 1544 cognoscere,
1384 1461 1461 1544 <si>n

303 1565 424 1646 aliquid
440 1585 474 1629 es
489 1565 623 1629 hominis
639 1566 778 1648 gestans,
797 1566 921 1648 poteris,
939 1566 1095 1647 siquidem
1110 1564 1226 1630 uideas
1243 1564 1312 1629 tibi
1328 1582 1382 1627 me
1398 1564 1438 1626 id-

303 1666 387 1731 circo
416 1667 521 1732 dicere
553 1670 736 1748 anathema,
771 1670 846 1751 qnia
876 1671 939 1734 iam
968 1669 1081 1734 beatus
1112 1668 1287 1751 apostolus
1312 1668 1350 1731 te
1374 1687 1437 1731 ane-

303 1767 567 1836 thomatinauerit.
590 1773 775 1838 iniuriosum
798 1790 849 1836 me
863 1772 997 1851 indicae,
1022 1773 1097 1855 quia
1114 1773 1224 1837 dicam
1240 1773 1279 1835 te
1298 1772 1437 1838 stultum:

304 1871 361 1934 sod
384 1876 539 1955 quomodo
562 1878 671 1958 potero
692 1876 780 1941 recte
804 1875 871 1941 ete
886 1876 1054 1942 iniuriosus
1069 1877 1189 1954 uocari,
1216 1876 1358 1957 quando
1374 1894 1437 1939 con-

301 1970 368 2037 stet
389 1992 440 2037 me
462 1994 573 2040 uerum
598 1976 703 2041 dicere
725 1976 810 2058 quod
833 1976 915 2040 enim
931 1976 975 2041 sis
991 1976 1129 2041 stultus?
1153 1976 1179 2039 si
1199 1978 1293 2041 euim
1313 1978 1437 2044 Galatae
1446 1994 1459 2032 s

303 2074 435 2140 audiant
462 2079 592 2143 ostadtt
617 2083 755 2145 Galatae
778 2080 912 2144 abesto
936 2080 1087 2162 apostolo,
1112 2099 1169 2144 cur
1192 2082 1297 2163 putes
1326 2082 1365 2145 tu
1390 2100 1437 2144 non

303 2179 394 2243 stulti
424 2181 539 2248 debere
569 2185 604 2247 te
630 2184 756 2247 nomine
785 2184 946 2247 uocitati?
982 2184 1029 2247 illi
1058 2183 1175 2247 etenim
1208 2185 1237 2249 si
1275 2185 1437 2267 propteroa

304 2283 388 2364 quod
410 2284 498 2350 falsis
520 2286 670 2351 iratribus
692 2287 972 2369 obtemperassent,
997 2285 1071 2368 quia
1095 2286 1135 2350 ad
1156 2286 1297 2351 illorum
1317 2306 1436 2353 conser-

302 2388 501 2468 pentinorum
528 2392 655 2455 tuoruum
682 2390 902 2473 suggestiones
928 2390 1127 2457 intendentes
1152 2391 1184 2454 et
1209 2392 1358 2456 sabbata
1381 2412 1436 2455 ser-

304 2509 380 2554 uare
412 2512 446 2557 se
475 2494 651 2577 oportuisse
686 2495 718 2559 et
750 2493 1025 2560 circumcisionem
1058 2493 1156 2560 fuisse
1191 2495 1458 2560 custodiendans

303 2599 508 2676 censuerant,
538 2599 611 2662 sunt
634 2599 724 2663 stulti
747 2598 841 2676 dicti,
871 2599 988 2680 quanto
1016 2597 1175 2680 magistu
1200 2598 1305 2681 digne
1332 2599 1435 2663 diceris

305 2697 431 2778 stultus,
455 2702 509 2783 qui
532 2703 615 2766 unici
639 2703 690 2767 dei
712 2702 771 2767 filii
794 2703 925 2784 negator
948 2702 1104 2766 extimus!
1132 2701 1208 2783 quia
1234 2702 1350 2766 dicam
1373 2703 1435 2766 tibi:

305 2803 392 2883 erare
414 2808 443 2868 te
464 2826 486 2870 a
508 2807 643 2871 canebas
663 2807 790 2873 radidit
811 2807 986 2891 Aeaeis,
1015 2806 1085 2870 dote
1113 2805 1171 2871 ttbc'
1199 2807 1290 2887 quoa
1312 2806 1435 2870 illorsum

305 2909 450 2991 metipso
472 2909 627 2975 haerendo
649 2910 781 2975 musitio
803 2915 832 2974 et
853 2911 922 2990 ipse
943 2909 1035 2975 cacis
1056 2911 1161 2991 saetas
1181 2911 1241 2990 sis,
1271 2910 1434 2974 contuma-

304 3028 375 3075 cem
397 3031 449 3076 me
473 3012 568 3088 dicis3
604 3012 661 3077 sod
681 3012 826 3078 fortassis
848 3012 976 3095 ignoras
998 3013 1083 3076 unici
1107 3011 1158 3076 dei
1181 3005 1241 3076 filii
1270 3014 1454 3095 negatores

296 3113 408 3179 dictos
431 3134 542 3194 canes,
575 3115 677 3180 dictos
700 3117 808 3180 tauros
831 3115 981 3198 pingues,
1013 3116 1114 3180 dictos
1136 3115 1220 3179 filios
1248 3117 1431 3198 iniqnitatis,

305 3236 414 3283 semen
443 3220 621 3284 adulterum
650 3220 682 3283 et
709 3219 900 3297 meretricis,
934 3219 1017 3283 filios
1045 3219 1231 3301 perditionis
1265 3221 1300 3282 et
1336 3237 1430 3282 semen

306 3319 434 3390 inicum.
461 3324 489 3388 si
510 3324 592 3406 fugit
613 3324 646 3387 te
667 3323 715 3386 ita
737 3323 895 3387 uocitatos
917 3341 974 3388 uos
998 3341 1016 3386 a
1039 3321 1107 3400 deo,
1132 3322 1207 3386 audi
1230 3340 1290 3404 per
1314 3323 1431 3386 Esaiam

306 3424 410 3506 ipsum
432 3425 590 3491 dicentem
605 3426 648 3491 ad
662 3425 935 3508 comblasphemos
949 3427 1023 3492 tuos
1039 3425 1191 3490 Iudaeos:
1216 3427 1357 3492 accedite
1371 3426 1430 3507 dcc,

411 3647 444 3702 16
462 3647 520 3704 su
537 3649 597 3712 3‚1
668 3647 908 3712 sanasset

360 3855 458 3924 lquot
527 3856 593 3909 aliut
670 3855 779 3911 tuliud
796 3857 1067 3954 annuncieuaritc¹
1110 3857 1212 3911 teliut
1297 3854 1428 3928 tenethe-

307 3976 378 4012 mam
457 3960 489 4013 10
507 3960 530 4014 si
548 3960 614 4015 add.
635 3960 722 4015 Coleto'
803 3961 985 4016 Uscanae
1065 3959 1149 4013 dcirco
1231 3959 1267 4012 14
1283 3961 1369 4013 rectae

309 4063 341 4115 15
359 4035 458 4116 merum
476 4069 508 4131 (“·
525 4082 559 4117 m.
578 4064 639 4132 att.)
718 4064 843 4134 galathae
862 4065 904 4118 bie
988 4063 1022 4116 20
1040 4061 1235 4118 circumcisione
1314 4061 1346 4114 24
1361 4060 1424 4114 mali-

306 4165 388 4216 gnum
409 4152 439 4213 V,
458 4150 632 4249 rnalignorum
649 4150 730 4218 fart.;
749 4150 784 4216 cf.
800 4153 906 4218 p.281,
925 4151 1048 4202 rectae
1117 4147 1150 4198 27
1162 4147 1212 4199 filii
1283 4144 1423 4212 28fugitte

307 4254 418 4322 scripsi,
436 4226 521 4322 fugite
541 4255 564 4321 (¹¹
583 4262 591 4283 ¹
610 4255 658 4308 alt.
679 4256 724 4322 m.)
748 4255 779 4316 V,
798 4253 891 4322 fugitis
909 4271 933 4317 e,
953 4252 1022 4322 fugis
1040 4253 1111 4307 cont.
1131 4251 1272 4305 Latinius
