3050 5000
1480 1 1489 108 t

1487 226 1489 329 t

1487 330 1489 383 t

1487 416 1489 483 l

290 350 359 418 286
787 349 940 403 Luciferi

333 542 376 606 11.
398 538 550 605 Aduertis
572 540 729 623 quomodo
750 538 876 606 caduca
899 542 1069 607 dominatio
1091 542 1151 608 tua
1172 542 1295 627 quanto
1318 543 1422 607 contra

291 664 349 711 nos
377 643 502 710 saeuire
531 644 689 727 dignatum,
724 644 809 727 quod
835 646 924 710 tanto
953 664 992 711 ea
1013 646 1175 711 iudicetur
1197 666 1270 712 esse
1293 646 1422 710 infirmis

290 747 539 831 contemptibilis
552 748 655 813 inanis
670 747 785 814 debilis
801 749 833 812 et
848 749 988 825 abiectas
1003 749 1108 815 lurore
1125 751 1245 815 etenim
1258 752 1293 815 ct
1308 750 1423 815 scalere

292 850 453 917 concitata
472 869 586 915 manns
606 852 665 915 tua
686 852 730 918 ad
749 851 951 934 perimendos
978 872 1035 918 nos
1056 854 1204 937 quotiens
1234 854 1422 936 praemaluit⁸

288 956 407 1021 totiom
437 974 495 1019 nos
517 955 657 1021 creuisse
687 956 720 1021 et
748 956 853 1039 magis
876 957 970 1039 atque
991 958 1094 1040 magis
1117 958 1260 1023 uictores
1284 958 1424 1023 extitisse
1443 970 1452 1007 ⁵

290 1059 501 1125 meminimus.
546 1060 696 1125 mactasti
717 1079 814 1144 qnam
836 1060 987 1142 plurimos
1008 1060 1041 1125 iu
1063 1060 1269 1140 Alexandria,
1300 1062 1425 1127 laniasti

291 1166 397 1231 certos
417 1164 486 1230 toto
500 1164 534 1227 iu
548 1164 634 1239 orbe,
660 1162 877 1245 disperdidisti
891 1164 1076 1229 resistentes
1091 1165 1152 1231 tibi
1167 1165 1268 1230 uariis
1283 1166 1321 1229 in
1335 1166 1424 1239 locis;

291 1268 349 1336 sed
370 1270 405 1333 bi
425 1287 553 1344 omnes,
587 1266 672 1349 quod
700 1267 737 1330 tu
759 1265 869 1331 audire
899 1266 1027 1331 minime
1049 1268 1115 1347 uis,
1149 1269 1313 1353 martyres
1342 1272 1425 1338 sunt:

289 1373 363 1437 illos
386 1390 495 1437 omnes
516 1370 717 1435 beatissimos
738 1370 794 1434 tuo
817 1370 974 1435 mactatos
995 1370 1102 1453 gladio
1123 1371 1156 1435 in
1179 1372 1338 1454 paradiso
1363 1392 1426 1437 esse

293 1478 444 1563 <uti>que
466 1474 636 1539 credimus.
660 1471 755 1537 crede
771 1473 849 1537 mihi
872 1472 957 1555 qnod
972 1474 1038 1538 ate
1054 1474 1263 1539 statuerimus
1278 1475 1452 1543 interficit

291 1581 367 1663 quia
390 1581 422 1644 et
442 1579 558 1643 melius
581 1595 653 1643 esso
673 1576 848 1641 uiderimus
875 1576 908 1639 in
936 1576 1042 1641 omnia
1070 1595 1151 1642 aeus
1180 1577 1282 1643 deum
1310 1580 1425 1644 habere

292 1686 466 1750 amatorem
493 1700 589 1767 qnam
615 1682 723 1745 tocrmn
751 1678 848 1745 ludas
882 1679 1065 1745 Scariothes
1099 1682 1195 1763 atque
1229 1682 1425 1745 Iudaeormn

289 1788 450 1853 imitatore
471 1786 582 1869 puniri.
619 1786 692 1849 binc
716 1785 766 1849 est
789 1783 934 1867 deniqne,
957 1784 1130 1863 Constanti,
1154 1785 1243 1867 quod
1262 1784 1424 1850 frendores

177 1938 181 1945 ·
290 1892 411 1959 colubri
433 1910 490 1973 per
510 1892 544 1954 te
565 1878 680 1955 inlatos
702 1905 762 1952 uon
785 1888 935 1952 timentm
957 1888 1062 1952 subire
1076 1888 1179 1969 parati
1195 1908 1313 1953 snmus
1339 1908 1423 1954 omne

291 1995 430 2060 exitium.
453 2011 624 2076 numquam
645 2011 703 2058 uos
718 1991 920 2058 consiliorum
935 1993 1112 2057 nostrorum
1126 1993 1295 2074 paenitere
1311 1994 1451 2075 potest¹⁵

290 2100 319 2163 si
340 2118 397 2181 per
417 2099 451 2161 te
472 2097 605 2161 mactati
627 2096 682 2178 qui
705 2095 808 2159 adbuc
826 2095 890 2159 tuis
905 2094 1086 2161 crudelibus
1099 2096 1262 2161 restitisse
1278 2096 1425 2161 uidemur

289 2202 434 2267 manibus
449 2202 609 2265 fuerimus.
632 2218 718 2264 mors
734 2198 856 2263 etenim‘
867 2216 961 2281 qnam
976 2199 1066 2263 uobis
1079 2199 1116 2262 tu
1130 2198 1295 2263 minitaris
1310 2200 1424 2264 interro

290 2306 434 2371 omnibns
457 2306 506 2369 est
527 2304 655 2386 parata3
676 2304 801 2367 tantam
814 2320 890 2367 uero
905 2300 1133 2367 beatitudiuem
1149 2303 1310 2385 quantam
1327 2303 1425 2367 sancti

290 2409 364 2473 sunt
389 2408 543 2491 martyres
571 2405 678 2487 adepti
705 2424 797 2469 nemo
825 2406 862 2468 ut
891 2404 1036 2469 uidemus
1063 2404 1113 2469 est
1133 2406 1347 2484 consecutus,
1370 2407 1425 2470 nisi

289 2513 323 2576 lsi
345 2512 400 2594 qui
420 2511 555 2574 mortem
576 2509 703 2591 propter
723 2508 852 2572 unicum
875 2507 927 2572 dei
948 2507 1049 2572 tilium
1072 2509 1240 2573 moriundo
1265 2510 1451 2575 uicerunoa

290 2614 413 2679 dicatos
437 2613 495 2679 deo
517 2613 659 2678 homiues
679 2614 809 2694 torques
822 2611 976 2676 interficis
991 2612 1190 2690 exterminas,
1215 2614 1250 2676 et
1266 2632 1330 2678 cur
1348 2616 1423 2678 baec

289 2736 384 2801 geras
405 2735 519 2781 causas
541 2717 684 2780 odiorum
704 2715 839 2780 reddere
861 2734 921 2780 uon
936 2715 1035 2781 uates.
1059 2716 1133 2798 qnia
1146 2717 1182 2780 tu
1198 2737 1304 2797 erras,
1327 2719 1424 2783 stiam

289 2821 379 2885 nobis
411 2820 558 2883 irasceris
590 2838 647 2882 cur
678 2837 789 2882 ueram
820 2819 985 2883 teneamus
1017 2819 1113 2896 niam,
1147 2820 1180 2884 ct
1207 2839 1287 2884 cum
1317 2809 1423 2887 nostra

289 2922 409 2988 salubri
432 2922 643 2986 admonitione
665 2922 823 3004 corrigere
844 2923 877 2986 tc
899 2923 1011 3005 possis,
1045 2941 1165 2987 errores
1192 2923 1270 2988 tuos
1294 2925 1423 3007 insuper
1487 2975 1488 2990 ,

289 3024 470 3090 crudelibus
498 3023 592 3088 factis
620 3043 802 3102 ooaoeruas,
838 3025 960 3091 dicatas
989 3025 1049 3090 deo
1076 3028 1199 3090 mentes
1230 3028 1449 3094 euisceratis25
1487 3017 1488 3088 t

288 3129 471 3211 corporibus
493 3130 680 3212 extorquens
696 3147 814 3206 eorum,
838 3129 892 3212 qui
907 3130 1111 3194 statuerimus
1127 3129 1185 3196 deo
1201 3131 1305 3196 fidem
1320 3153 1419 3215 usquo
1487 3115 1488 3206 t

289 3232 331 3296 ad
353 3233 494 3297 externa
521 3231 607 3296 uitas
636 3250 765 3296 seruare
787 3232 953 3296 curricula.
998 3221 1149 3314 perspicis
1171 3234 1219 3298 ita
1241 3235 1325 3300 haec
1351 3255 1419 3301 esse

290 3335 323 3399 et
344 3335 471 3417 quidem
492 3354 553 3399 non
576 3335 642 3400 sine
663 3335 801 3400 marimo
824 3335 931 3400 dolore
958 3337 1024 3414 tuo,
1053 3355 1126 3401 oum
1153 3354 1215 3400 non
1245 3339 1360 3404 ualere
1389 3341 1418 3403 te

288 3438 430 3503 aduertis
450 3457 508 3502 nos
531 3440 569 3503 ab
590 3440 650 3502 hac
675 3457 755 3520 quae
778 3439 845 3504 sola
864 3441 912 3503 est
926 3439 1078 3532 religione
1095 3438 1275 3519 deflectere,
1301 3444 1341 3507 ab
1358 3442 1417 3506 isto

287 3559 393 3619 cursu,
407 3541 439 3604 iu
455 3559 516 3623 quo
531 3541 573 3605 ad
586 3542 732 3606 brauium
746 3559 871 3608 sursum
884 3543 1058 3608 necationis
1069 3541 1230 3607 tendimus
1241 3545 1416 3617 retrahere,
1427 3554 1448 3592 ³⁹

391 3694 424 3747 30
443 3691 475 3748 cf.
493 3693 560 3748 Phil.
579 3693 605 3759 3,
625 3695 658 3747 14

237 3867 242 3876 ·
338 3834 436 3902 2post
454 3831 578 3900 dignatur
600 3834 687 3886 acrba
705 3835 803 3901 quanto
823 3835 915 3886 contra
932 3849 980 3887 nos
999 3833 1082 3886 senine
1101 3832 1226 3902 dignatur
1243 3834 1321 3899 soleo
1340 3851 1413 3902 repe·

288 3922 343 3973 tito
360 3936 395 3973 m.
412 3923 428 3972 1
447 3934 509 3985 exp.
577 3917 711 3971 5totn'ens
728 3936 753 3985 o,
771 3918 872 3984 cotiens
889 3919 915 3972 V
981 3918 1145 3972 9mastotos
1214 3918 1346 3988 paradyso

289 4005 429 4074 lunaique
447 4004 558 4072 scripsi,
578 4003 622 4072 qui
643 3993 692 4071 Va,
716 4004 779 4072 quin
801 4005 871 4058 cosi.
894 4004 1066 4058 Goltaadias
1102 3995 1113 4014 ⁸
1172 4003 1205 4056 12
1221 4006 1251 4056 te
1269 4020 1329 4057 cum
1348 4003 1413 4056 Iuda

287 4089 441 4146 Scariotho
527 4091 606 4157 atque
625 4105 709 4142 om.o
792 4087 824 4142 13
841 4090 974 4144 imitatore
992 4091 1104 4158 scripsi,
1122 4090 1284 4144 imitatorem
1306 4091 1345 4144 Vs

289 4175 322 4227 18
339 4176 432 4228 sancta
448 4179 516 4228 m.1
586 4173 623 4226 22
640 4215 646 4238 ,
664 4168 727 4243 'quia
744 4177 775 4228 tu
793 4191 871 4230 erras.
889 4173 978 4228 Etiam
997 4176 1037 4230 sic
1056 4176 1245 4246 distiapoito
1320 4175 1353 4228 27
1373 4191 1411 4226 ex·
1486 4219 1487 4224 ,

286 4262 372 4313 bema
440 4259 474 4316 30
491 4276 592 4314 sursum
609 4262 679 4314 corsi.
692 4261 839 4324 Latinius,
858 4277 959 4316 rursum
975 4263 1014 4330 V‚·
1032 4262 1332 4316 ousursumuocationia
1345 4277 1412 4314 coss·
1486 4275 1487 4346 p

283 4345 410 4413 positum
428 4343 489 4398 est?
507 4345 545 4405 εἰς
561 4345 593 4398 τὸ
610 4345 737 4418 βραβεῖον
754 4347 802 4414 τῆς
819 4347 877 4398 ἄνω
896 4347 1015 4414 κλήσεως
1034 4347 1082 4416 (of.
1096 4347 1233 4403 Remeat.
1252 4349 1301 4401 It?
1312 4349 1376 4412 239)
1486 4349 1487 4394 t
