3050 5000
295 362 360 427 224
788 356 936 413 Luciferi

294 572 365 617 mus
392 550 513 616 domim
540 550 585 614 nd
606 548 807 634 pastorium,
841 568 917 631 quos
938 547 1050 631 posuit
1077 551 1139 612 tres
1165 564 1279 628 equos,
1316 542 1378 625 qui
1400 542 1434 606 iu

294 655 463 736 Faradim,
495 658 525 719 ei
546 653 667 735 fontem
688 652 765 717 solis
788 652 946 717 corebussit
973 652 1011 717 im
1037 651 1108 733 igme
1131 650 1169 713 im
1191 649 1288 714 ἅοηιο
1312 646 1435 726 domus,

294 780 389 843 guam
412 758 665 841 uedifieauerum
686 776 772 840 reges
792 754 898 822 Israel
921 754 1036 821 enceiso
1064 754 1117 820 itti
1138 750 1254 817 Batai
1289 755 1321 815 et
1351 750 1436 813 ommi

294 862 432 927 militiae
455 861 546 927 caeli.
591 860 790 925 resacraria
811 863 906 926 eraut
926 879 1027 940 supra
1049 857 1198 939 aedificia
1227 853 1435 936 superiorum

294 964 405 1032 Actus
427 984 511 1046 quae
531 962 641 1043 feccrit
662 982 720 1028 ree
733 962 822 1028 Iuda
842 966 874 1027 et
894 962 1043 1027 sacraria
1064 980 1146 1043 quae
1167 958 1244 1040 fecii
1260 957 1464 1021 Memasses⁵

294 1071 333 1134 im
360 1068 483 1133 duobus
513 1066 670 1149 aedificiis
700 1068 810 1133 domus
837 1066 975 1145 domimi,
1009 1062 1148 1129 damnem
1178 1081 1236 1125 rea
1258 1065 1292 1125 et
1316 1059 1437 1140 empuli

296 1171 357 1237 itia
380 1171 457 1236 iude
478 1174 509 1235 ei
522 1170 660 1253 proiecit
681 1171 800 1236 eineres
819 1168 946 1235 illorum
967 1169 1005 1233 iu
1026 1168 1098 1233 rimo
1122 1165 1258 1233 Gedron.
1285 1167 1317 1227 ei
1340 1161 1437 1227 escol·

296 1294 347 1341 sos
378 1295 460 1356 quae
491 1274 679 1356 fecerunta
706 1275 791 1357 facie
812 1272 1005 1353 Ierusalem,
1039 1270 1121 1354 quod
1150 1272 1221 1333 erat
1252 1270 1295 1333 im
1329 1267 1437 1332 desim

296 1379 416 1443 montis
439 1378 589 1457 Amissa,
612 1378 696 1460 quod
716 1377 902 1459 aedificamit
924 1374 1076 1441 Salomon
1098 1392 1155 1439 reu
1176 1374 1319 1438 Astarte
1341 1370 1438 1435 simer-

298 1482 384 1546 iacro
422 1479 630 1546 Sidoniorum
673 1485 702 1545 ei
738 1479 853 1547 Oamms
888 1478 970 1543 idolo
1013 1483 1042 1543 et
1079 1476 1208 1543 Muicro
1256 1475 1463 1541 simulasses

297 1584 441 1667 filiorum
464 1583 616 1663 Ammon,
635 1582 755 1667 polluit
776 1604 841 1649 rea.
875 1586 905 1647 ei
925 1578 1155 1647 contribulauit
1177 1576 1293 1643 titulos
1324 1580 1357 1642 et
1383 1577 1438 1641 im-

293 1686 401 1770 putei
426 1686 497 1751 ioca
519 1686 651 1751 illorum
671 1687 794 1752 ossibus
815 1686 987 1751 homimum.
1018 1688 1046 1747 et
1072 1682 1258 1748 sacrarium
1290 1678 1380 1761 quad
1407 1680 1438 1742 iu

300 1787 426 1868 Bethel,
450 1789 605 1853 excelsum
626 1789 707 1871 meod
732 1789 807 1870 fecii
828 1786 1021 1853 Hieroboam
1041 1784 1131 1867 filius
1154 1784 1283 1865 Notae,
1323 1783 1363 1847 im
1386 1802 1439 1864 quo

298 1892 375 1973 feeit
391 1910 527 1973 peccare
548 1891 667 1972 Israel,
691 1896 720 1957 ei
741 1891 924 1957 sacrarium
945 1887 1040 1955 iilum
1062 1887 1218 1953 caeelsum
1241 1886 1436 1951 detromtei

300 1993 532 2059 contributauii
555 1994 679 2075 lapides
700 1994 791 2059 iliius
812 2002 840 2059 et
861 1993 1054 2059 commeauit
1074 1995 1112 2057 iu
1129 1990 1317 2073 puluerem,
1342 1994 1373 2054 et
1395 1990 1461 2052 ius

301 2097 406 2164 cendit
428 2097 515 2163 lucos
537 2118 653 2164 eorum.
678 2102 708 2162 et
728 2116 873 2163 rmeersus
894 2101 939 2161 est
961 2096 1066 2161 Iasius
1087 2114 1144 2161 ree
1166 2098 1197 2159 et
1217 2092 1310 2159 uidit
1333 2113 1435 2157 mouu-

301 2205 407 2266 memto
427 2221 509 2283 quae
529 2206 622 2265 eraut
649 2201 694 2267 iti
714 2202 752 2265 im
773 2205 919 2281 monum,
947 2202 976 2264 et
1003 2198 1138 2281 sempsit
1163 2217 1238 2263 ossa
1267 2196 1311 2261 de
1333 2216 1435 2261 mona·

301 2308 403 2370 mento
417 2309 446 2369 et
464 2304 626 2369 combussit
646 2324 741 2387 super
761 2305 945 2369 sacrarium
967 2308 995 2369 ei
1011 2302 1132 2386 polluit
1154 2301 1241 2367 iilud
1263 2301 1434 2367 &eundum

300 2408 430 2473 mecum
453 2409 535 2490 quod
556 2408 679 2473 loeutus
700 2412 746 2473 esi
767 2407 857 2473 tomo
879 2407 939 2487 dei,
968 2427 1040 2471 cum
1061 2410 1158 2471 staret
1181 2404 1386 2469 Hieroboam
1406 2404 1435 2467 in

302 2512 354 2576 die
375 2512 454 2594 festo
474 2511 518 2576 ud
540 2532 644 2576 aram.
684 2509 760 2593 quid
783 2511 958 2594 cognoscis,
983 2509 1155 2588 Constanti,
1179 2508 1305 2574 factum
1330 2527 1401 2575 esse
1423 2523 1460 2572 eu

301 2633 377 2697 rege
408 2614 529 2678 cultore
558 2614 632 2678 dei?
665 2615 698 2678 et
726 2633 783 2678 nos
813 2615 845 2678 tc
876 2613 1087 2678 idololatriam
1116 2612 1382 2677 introducentem
1409 2612 1435 2675 in

305 2716 475 2782 eeclesiam
497 2717 571 2799 quin
592 2717 689 2782 uerbo
712 2716 924 2799 percutimus,
948 2715 1187 2797 coutumeliam,
1208 2716 1337 2798 inquis,
1361 2714 1436 2779 mihi

303 2821 390 2902 facit
409 2820 565 2901 lanifer?
599 2839 687 2898 cum,
719 2820 747 2884 si
769 2819 854 2885 iliius
876 2818 990 2885 fuisses
1011 2818 1162 2902 temporis
1185 2819 1299 2898 homo,
1334 2819 1435 2902 gladic

303 2922 407 3006 possis
430 2922 582 3005 extingui,
606 2925 661 2989 snt
683 2923 711 2988 si
731 2923 797 2988 inm
819 2923 933 2989 fuisses
957 2921 1131 3001 defunctus,
1164 2922 1262 2988 etiem
1286 2942 1366 2988 osse
1387 2924 1436 2986 tue

305 3028 420 3110 quippe
443 3027 590 3110 sncriiegi
612 3027 746 3092 inissent
767 3027 834 3110 igni
855 3027 1010 3110 perducta
1025 3027 1066 3092 ad
1084 3026 1224 3092 nihilum.
1249 3025 1309 3090 ille
1333 3026 1459 3110 gladios

303 3149 375 3195 rens
395 3130 479 3194 tenti
500 3129 631 3196 sceleris
659 3132 811 3214 percutit,
845 3149 902 3196 nos
924 3131 956 3195 te
979 3150 1037 3196 nec
1060 3132 1156 3196 uerbo
1179 3130 1355 3196 uulnerare
1384 3130 1434 3194 de·

305 3233 437 3299 encrat?
459 3233 615 3316 conspicis
637 3234 759 3300 interea
780 3236 839 3300 hoe
864 3234 960 3300 etium
981 3235 1051 3300 loeo
1074 3235 1105 3298 in
1128 3235 1296 3300 ciuitatem
1323 3234 1386 3312 dei,
1407 3233 1432 3296 in

306 3336 425 3400 domini
451 3338 578 3402 domum
602 3337 688 3402 etin
708 3337 863 3420 templum
887 3336 954 3403 eius
975 3337 1186 3404 introduxisse
1202 3337 1432 3420 consacrilegos
1492 3363 1493 3438 s

304 3440 380 3504 tuns
409 3438 481 3505 illos
508 3458 602 3523 reges
627 3439 841 3506 idclnlntn‘nm
874 3460 969 3523 quem
998 3440 1059 3506 iste
1090 3440 1311 3505 exterminarit
1340 3440 1432 3504 Insiss

305 3560 361 3606 rex
385 3541 444 3608 dec
467 3541 695 3618 dicatimimum
729 3562 788 3608 nec
818 3543 978 3608 existimes
999 3544 1032 3608 te
1054 3544 1177 3608 tentum
1199 3543 1261 3608 hcc
1285 3561 1366 3626 opus
1389 3542 1457 3604 inu

306 3646 393 3728 plcre
416 3647 525 3712 contre
549 3647 642 3712 deum
664 3646 762 3712 fuisse
786 3647 993 3730 adgressum?
1024 3645 1096 3712 nolo
1118 3646 1151 3711 te
1173 3646 1284 3728 itaque
1317 3644 1429 3710 dicere:

358 3830 372 3884 1
392 3845 456 3900 quos
474 3830 562 3900 posuit
579 3832 633 3886 tres
652 3847 731 3904 eques
742 3849 767 3902 a,
786 3849 852 3902 quse
870 3832 958 3902 posuit
975 3833 1030 3886 tres
1048 3847 1145 3901 aeques
1162 3833 1188 3888 V
1253 3831 1271 3884 2
1289 3833 1318 3886 et
1328 3830 1430 3897 iontem]

306 3931 395 3970 currus
413 3917 502 3970 nutem
520 3916 608 3971 Galesi
710 3917 984 3974 Ssedificeuersutv
1086 3917 1188 3987 iquos
1207 3920 1284 3972 erent
1301 3917 1369 3984 fert.
1491 3909 1492 3912 ’

308 4001 472 4056 'Iexcelsum
491 4018 591 4072 quoque
609 4002 676 4069 fort.
745 4001 863 4056 Siccine
940 4003 971 4056 10
989 4002 1060 4058 idolo
1078 4003 1191 4073 scripsi,
1209 4001 1311 4057 idolum
1333 4005 1369 4058 Vn

307 4085 407 4139 Mulcro
429 4087 460 4154 V,
477 4085 598 4140 Molceha
620 4086 799 4156 Gatiandius,
817 4086 934 4142 Milehcn
951 4089 1022 4143 comi.
1042 4085 1129 4146 Ooieti
1198 4087 1231 4142 12
1248 4088 1398 4144 bessibus?

309 4170 342 4225 14
359 4170 459 4226 illude
550 4173 583 4225 15
602 4171 755 4228 accendite
842 4173 874 4228 17
892 4175 1015 4228 montem
1100 4173 1134 4227 20
1153 4173 1223 4245 quod
1240 4174 1372 4245 cognoscis
1389 4173 1429 4227 uel

309 4273 390 4344 qnid?
407 4273 458 4330 hcc
475 4277 611 4345 cognoscis
628 4278 696 4345 fort.
799 4277 833 4330 24
851 4294 940 4347 posses
959 4283 1098 4349 suspectos
1203 4278 1237 4332 27
1255 4249 1366 4347 coripicis

308 4360 341 4413 31
360 4360 415 4414 noli
432 4360 556 4432 itaquev
