3050 5000
297 369 361 435 272
790 365 937 421 Luciferi

197 624 202 635 ,
299 577 460 623 summare
482 576 610 621 onrsnm
633 576 736 621 meare
766 559 795 621 et
818 558 1032 623 ministerium
1060 558 1151 625 uerbi
1173 558 1264 643 qaod
1288 559 1435 640 accepia

299 659 426 725 domino
454 660 565 723 testari
595 659 728 725 Indaeis
756 666 784 725 ct
815 660 948 726 Graccis
976 662 1184 745 enanpeiiam
1212 663 1355 745 proiice
1382 663 1436 726 dei.

300 767 330 827 et
351 782 438 827 nnnc
466 782 519 845 epo
545 763 611 827 seio
640 764 724 843 qnod
750 763 893 846 amplias
923 784 988 829 non
1016 765 1166 831 uidebitis
1188 765 1319 847 faciem
1342 786 1437 829 mecm

301 885 486 950 aesomnes,
502 867 586 931 inter
600 886 676 949 qnos
683 866 912 947 perambniaai
922 868 1145 950 praedicando
1157 889 1304 953 repnnm
1320 868 1437 933 domim

303 970 387 1035 Iesn.
405 973 539 1051 propter
561 971 644 1053 qnod
665 975 819 1035 contestor
840 971 930 1036 nobis
952 970 1107 1037 hodierna
1129 972 1181 1037 die
1196 974 1286 1055 qnia
1302 974 1462 1037 mnndasr

302 1093 374 1140 snm
401 1094 422 1137 a
451 1075 609 1156 sangnine
637 1075 789 1150 omnium,
823 1079 852 1138 et
882 1095 948 1139 non
975 1077 1183 1157 praetermisi
1207 1076 1436 1157 praedicande

304 1196 426 1241 omnem
448 1176 644 1241 noinntntem
666 1178 727 1243 dei.
749 1178 908 1245 adtendite
930 1179 1019 1245 nobis
1041 1184 1068 1243 et
1091 1180 1180 1243 omni
1194 1180 1307 1262 prepi,
1334 1181 1373 1241 in
1386 1200 1437 1259 pne

304 1299 360 1344 nos
383 1280 518 1362 spiritns
540 1285 671 1345 sacietas
686 1283 799 1363 posuit
814 1283 974 1365 episcopos
995 1302 1098 1365 repere
1113 1283 1291 1347 ecclesiam
1306 1283 1437 1359 domini,

304 1403 401 1467 qnam
416 1374 604 1467 'adquisierit
624 1386 781 1467 sangnine
804 1405 869 1451 sno.
910 1405 963 1469 epo
985 1386 1048 1450 scio
1069 1387 1148 1469 qnia
1169 1386 1358 1451 intrabunt
1374 1391 1438 1467 pest

304 1489 475 1553 discessum
498 1509 600 1553 meam
624 1488 693 1569 inpi
713 1508 830 1572 prades
851 1491 888 1553 in
910 1510 966 1555 nos
989 1510 1055 1555 non
1072 1495 1247 1572 parenetes
1271 1491 1388 1573 orep&
1409 1510 1461 1553 ene

305 1592 394 1657 nobis
416 1593 497 1673 ipsis
518 1597 683 1675 easnrpent
705 1592 848 1659 homines
877 1597 908 1658 et
930 1595 1098 1677 toquentur
1115 1613 1295 1675 peruersa,
1328 1598 1368 1657 nt
1388 1596 1438 1658 nd-

305 1696 425 1760 dncant
446 1695 621 1778 discipulos
636 1701 714 1779 post
734 1717 774 1763 se.
816 1702 949 1779 propter
976 1700 1059 1779 qnod
1087 1697 1225 1780 nipiiate
1249 1699 1437 1761 memoriam

307 1804 446 1863 tenentes
467 1801 543 1880 qnia
567 1820 627 1881 per
648 1802 827 1866 triennium
854 1806 942 1866 nocte
970 1821 1008 1866 ac
1035 1802 1087 1865 die
1115 1821 1182 1865 non
1213 1802 1356 1867 cessant
1378 1822 1438 1865 can

307 1904 452 1967 lacrimis
474 1905 625 1969 monendo
647 1926 900 1987 nnnmqnemqnc
922 1910 1071 1971 mmmm.
1096 1924 1169 1971 cum
1184 1906 1272 1969 haec
1291 1904 1438 1969 mandeti

306 2008 418 2071 uideas
441 2027 509 2071 esse
533 2008 677 2090 apostoli,
700 2008 776 2091 quid
798 2029 848 2073 me
870 2009 960 2075 iubes
983 2010 1097 2087 fecere,
1120 2028 1159 2075 ne
1183 2009 1461 2073 contumeliosum

307 2130 377 2175 esse
399 2112 509 2175 uidear
522 2113 601 2176 tibi?
623 2131 734 2195 nempe
749 2113 856 2177 tacere
871 2132 921 2177 me
945 2114 977 2177 ei
999 2113 1101 2179 sinere
1121 2113 1226 2191 iubes,
1253 2112 1297 2175 ut
1313 2114 1353 2175 tu
1370 2131 1437 2175 nnus

307 2233 345 2278 er
366 2214 429 2279 illis
451 2214 533 2297 lupis
557 2215 729 2298 designetis
750 2217 901 2298 grandius
924 2218 1035 2300 quouis
1049 2216 1143 2283 mode
1158 2218 1330 2299 grasseris
1350 2217 1382 2279 in
1399 2216 1438 2279 dei

306 2337 445 2401 gregem.
470 2320 614 2384 uidemus
636 2339 693 2385 uos
720 2317 811 2403 lupos
835 2340 912 2404 quos
939 2322 1182 2404 praeostendere
1208 2321 1262 2385 est
1297 2320 1439 2403 dignetis
1489 2404 1490 2411 ἵ

307 2423 435 2506 spiritus
464 2425 592 2491 sanctus
625 2445 681 2508 per
708 2444 767 2490 nas
802 2426 964 2491 electionis
994 2425 1170 2508 apostolum
1200 2442 1341 2489 omnem
1373 2442 1438 2488 ecn-

307 2527 499 2610 prehendere
516 2530 643 2593 conetcs
661 2529 711 2593 dei
726 2547 874 2611 gregem3
899 2530 930 2592 et
945 2547 1010 2606 nos,
1028 2529 1192 2611 episcopos
1210 2548 1300 2611 quos
1319 2531 1462 2610 spiritnsn

308 2631 436 2694 sanctus
466 2630 507 2696 ad
533 2631 704 2714 regendam
733 2632 784 2696 dei
814 2632 982 2698 ecclesiam
1004 2632 1213 2710 constituerit,
1253 2633 1349 2714 quod
1373 2632 1440 2696 dicit

307 2733 420 2798 beatus
444 2734 612 2816 apestolus,
636 2736 786 2800 debemus
808 2736 866 2800 tibi
888 2735 962 2817 lupo
983 2753 1123 2817 parcere,
1155 2733 1321 2800 debemus
1346 2735 1439 2800 uereri

308 2837 398 2918 regni
418 2837 465 2900 tui
482 2837 669 2916 diademem
691 2839 833 2902 inenrem
857 2838 952 2902 etiam
976 2839 1008 2903 ei
1030 2838 1261 2916 dextrocheria,
1292 2839 1438 2904 debemus

309 2940 447 3022 insignes
471 2960 548 3022 ques
572 2961 640 3006 esse
663 2960 773 3006 censes
795 2943 901 3008 uestes
930 2943 1002 3008 tues
1031 2943 1184 3008 honorare
1217 2943 1251 3006 et
1277 2942 1436 3024 despicere

309 3064 414 3109 rerum
437 3046 610 3108 creatorem
633 3047 726 3127 atque
748 3047 927 3112 rectorem?
950 3045 1019 3127 quis
1042 3045 1074 3110 ie
1088 3044 1318 3127 inprudeniior
1335 3047 1394 3122 est,
1409 3047 1460 3107 nin

312 3148 415 3214 dieas:
431 3149 591 3213 iniuriam
601 3150 712 3230 potior
726 3170 748 3212 a
762 3149 922 3230 Lneifero,
937 3150 1110 3230 imperator
1125 3148 1165 3214 ab
1180 3147 1315 3213 homine
1330 3151 1436 3232 mern?

310 3272 368 3317 nec
392 3253 530 3335 dignans
554 3252 658 3316 dicere
681 3253 888 3335 abepiscopo,
912 3252 985 3334 quia
1001 3270 1069 3316 esee
1084 3251 1178 3333 lupus
1194 3251 1297 3316 fueris
1316 3252 1434 3334 agnitus

312 3357 344 3420 et
366 3356 517 3420 merueris
539 3355 706 3438 repulsam.
735 3356 794 3420 teli
816 3356 934 3438 putasti
956 3375 1006 3422 me
1030 3355 1224 3434 onerandum
1247 3355 1384 3431 inuidis
1406 3355 1435 3416 ui

313 3456 475 3522 adsereres
498 3458 550 3523 dei
572 3478 698 3522 seruum
720 3458 779 3522 tibi
799 3458 980 3540 imperatori
1004 3457 1144 3524 extitisse
1161 3456 1433 3522 contumeliosum.

311 3561 339 3626 si
360 3561 453 3644 putas
475 3581 531 3627 nce
553 3562 726 3641 iniuri0s0s‚
751 3562 860 3643 accipe
876 3561 952 3644 quid
966 3559 1164 3644 responderit
1178 3560 1318 3642 principi
1335 3572 1459 3624 sacer-³·
1490 3643 1491 3646 Ἴ

313 3663 422 3728 dotum
444 3665 619 3746 prohibenti
640 3665 822 3748 praedicere
842 3665 967 3730 unicum
991 3663 1042 3728 dei
1056 3664 1158 3729 filium
1173 3663 1289 3729 beetus
1308 3663 1430 3728 Paulus.

311 3767 488 3852 intendens,
519 3766 595 3830 dicit
624 3768 789 3849 scripture,
821 3770 857 3832 in
889 3767 1059 3832 consilinm
1081 3766 1209 3832 Pantns
1239 3767 1343 3832 dixit:
1370 3765 1431 3830 uiri

414 3920 449 3973 32
464 3921 523 3974 Act.
541 3920 584 3984 23,
603 3920 670 3974 1-3

362 4079 425 4132 iin
442 4076 617 4148 praedicendo
635 4096 651 4130 c·
747 4077 857 4147 9quem
960 4075 991 4129 12
1009 4041 1056 4143 ped
1155 4073 1281 4127 memoris
1301 4075 1369 4140 fort.

311 4164 345 4218 20
363 4168 472 4218 cenatus
543 4163 656 4232 episcopi
668 4164 738 4216 cmii.
754 4163 927 4216 Gaiiandins
997 4160 1028 4213 21
1048 4158 1192 4228 regendam
1204 4161 1275 4214 coni.
1289 4161 1429 4212 Lat-inires.

311 4250 453 4318 gerendam
474 4253 513 4306 Vc
617 4249 782 4302 constituerit
802 4247 870 4317 quod
888 4249 999 4316 scripsi,
1025 4244 1094 4314 qued
1116 4246 1286 4298 constituerit
1310 4247 1346 4312 V,-
1369 4242 1429 4312 quod

313 4351 364 4390 om.
382 4354 398 4391 υ
465 4337 499 4390 23
518 4335 665 4390 disdemnm
684 4339 737 4398 (am
755 4351 788 4387 en
807 4350 848 4386 em
866 4335 949 4400 corr.)
