3050 5000
446 360 487 414 De
505 363 597 414 saneto
614 358 761 416 Athanasio
779 360 848 415 liber
863 360 897 415 Π.
1179 349 1239 425 163

94 550 313 627 Athanasius,
339 550 461 615 dixistis
485 569 558 614 eum
570 569 661 613 reum
678 568 747 615 esse
761 550 887 625 martis3
910 550 968 613 hae
984 548 1128 615 feserunt
1145 550 1177 615 st
1190 548 1253 617 illi‘

100 660 225 739 quibus
247 657 279 721 in
303 657 362 720 hoe
386 654 507 719 scelere
533 672 626 737 pares
655 653 731 717 estis
759 653 941 737 presbyteri.
986 652 1125 734 loquitar
1156 653 1238 717 enim

100 761 268 843 seriptum
290 760 415 825 dasne:
439 763 468 821 et
489 760 613 839 tastum
631 762 675 821 est
695 759 733 820 n'n
747 758 797 821 die
812 757 922 834 attero,
938 760 974 819 ut
989 758 1136 821 eanmutt
1147 756 1235 837 plebs

99 866 154 931 ad
175 864 286 929 nn'rum
308 864 376 927 etus
399 862 555 942 Innatum,
571 865 728 926 uenerunt
741 862 803 925 duo
812 860 991 951 presbyteri
999 860 1093 943 pient
1107 861 1236 941 iniquae

60 980 84 1018 1⁵
99 968 224 1033 mentes
245 966 401 1031 aduersus
423 966 625 1037 Susannam.
653 970 689 1029 ut
702 965 931 1045 mortificarent
946 984 1025 1029 eam.
1042 968 1073 1027 et
1086 964 1237 1035 dixerunt

98 1091 218 1135 eoram
242 1069 352 1151 plebe:
380 1070 496 1135 mittite
525 1069 569 1131 ad
592 1069 780 1133 Susannam
808 1067 913 1147 titiam
935 1066 1127 1153 ¹Chetdn'am
1156 1087 1236 1149 quae

98 1178 152 1237 est
174 1192 255 1238 near
277 1172 435 1237 Iaadu'm.
456 1176 486 1237 et
507 1171 675 1243 miserunt,
698 1173 727 1233 et
748 1170 836 1233 mute
859 1171 933 1251 ipsa
955 1174 983 1233 et
1004 1174 1151 1250 parentes
1166 1170 1234 1234 eius

97 1281 134 1339 et
159 1295 266 1340 omnes
288 1277 415 1358 aequati
437 1276 514 1338 eius.
559 1273 716 1337 Susanna
738 1276 845 1337 autem
868 1277 936 1337 erut
962 1276 1069 1337 tenera
1097 1274 1234 1336 nimium

99 1384 136 1442 et
159 1380 258 1444 bonae
279 1381 410 1451 formae.
436 1378 552 1441 iniusti
574 1382 680 1441 autem
703 1377 866 1441 iusserunt
891 1374 1029 1439 reuelarn'
1057 1397 1126 1441 eam
1149 1380 1234 1459 (erat

47 1494 83 1531 -10
98 1483 195 1547 emim
215 1484 353 1563 adata),
368 1486 403 1545 nt
418 1485 645 1545 saturarentur
658 1480 766 1561 farma
781 1480 858 1544 en'us.
879 1478 999 1558 debant
1013 1484 1117 1543 autem
1133 1470 1238 1543 omnes

100 1586 178 1657 eius
200 1589 229 1649 et
251 1586 343 1661 uetere'
366 1585 422 1664 qui
444 1583 594 1673 uidebant
616 1603 696 1649 eam.
719 1582 926 1665 adsumentes
949 1582 1049 1664 n'ar'tur
1071 1582 1132 1646 duo
1141 1602 1235 1665 pres-

99 1680 207 1767 byteri
228 1688 266 1750 in
287 1687 393 1751 media
405 1685 498 1767 plebe
516 1688 693 1765 posuerunt
715 1703 832 1747 manus
853 1686 1148 1767 superueniens,
1164 1686 1237 1765 ipsa

100 1794 215 1854 antem
238 1790 415 1855 lacrimans
437 1790 561 1869 aspexit
582 1789 620 1852 iu
637 1787 781 1873 ¹eaelum,
811 1790 963 1871 quoniam
994 1794 1061 1853 erat
1089 1810 1142 1854 eor
1170 1790 1237 1853 eins

99 1894 268 1975 considens
290 1896 327 1957 iu
349 1894 483 1957 damino.
507 1893 661 1957 dixerant
675 1896 781 1955 aute-m
791 1893 983 1975 presbyteri:
1000 1892 1236 1958 ambulantibus

56 1996 197 2074 1euobis
218 1998 256 2061 in
278 1998 454 2062 uiridiario
477 1997 554 2061 sotis
578 1992 715 2059 intrauit
738 1995 814 2061 haee
838 2017 908 2061 eum
919 1997 1046 2077 puellis.
1069 2000 1096 2059 et
1112 1996 1235 2059 dn'mr'sr't

94 2099 231 2181 puellas
252 2105 282 2163 et
304 2100 421 2165 elausit
436 2101 518 2165 ostia
535 2099 715 2177 uiridiurn',
738 2104 767 2165 et
788 2101 875 2165 uenit
898 2100 940 2162 ad
954 2118 1024 2163 eum
1039 2099 1166 2183 tueeeuts
1181 2101 1237 2181 qut

98 2206 177 2267 erat
198 2203 402 2268 absconditus
424 2208 454 2267 et
475 2202 643 2267 aanenbur't
664 2223 736 2267 eum
757 2223 804 2269 eu.
822 2222 879 2267 uos
894 2186 999 2265 autem
1013 2222 1085 2267 eum
1099 2222 1234 2266 essemus

100 2307 141 2369 tu
166 2306 285 2389 arraudo
307 2307 487 2378 uiridiarin
509 2306 653 2371 uidentes
675 2307 877 2387 iniquitatem
900 2305 1102 2369 adcurrimus
1125 2305 1168 2369 ad
1184 2324 1233 2369 eas

99 2414 132 2472 et
156 2410 299 2474 uidimus
321 2415 539 2475 concurrentes
561 2429 621 2475 eas.
644 2409 737 2473 ultum
759 2409 885 2491 quidem
907 2428 970 2472 uon
987 2410 1151 2491 potuimus
1172 2410 1231 2473 ad·

54 2513 294 2594 20pretnendere
326 2514 410 2594 arrad
436 2513 553 2594 fortior
580 2513 670 2576 nabis
699 2516 778 2576 esset
805 2517 834 2576 et
861 2512 942 2594 qnod
971 2512 1116 2592 aperiens
1150 2511 1232 2576 ostia

92 2615 291 2696 prosilierit,
329 2616 414 2681 harre
446 2620 552 2680 antem
586 2615 819 2697 adprehensam
848 2616 1127 2698 interroyaue'mus
1162 2616 1233 2694 quis

100 2721 186 2782 esset
205 2719 344 2799 n'nnem's,
365 2723 396 2784 et
416 2719 521 2783 notuit
543 2720 633 2784 nabis
648 2719 762 2784 dteere.
786 2719 862 2782 taes
877 2722 1096 2784 contestamur.
1120 2722 1148 2782 et
1163 2736 1230 2808 ere-

99 2820 189 2884 didit
209 2822 255 2885 eis
277 2823 381 2886 amnis
404 2841 566 2910 synayoqa
588 2826 623 2885 ut
641 2821 832 2908 presbyteris
849 2819 951 2902 plebis
974 2826 1002 2884 et
1016 2810 1185 2894 iudicibus
1203 2824 1233 2882 et

100 2923 344 2988 damnauerunt
365 2931 402 2990 nt
424 2929 608 2990 moreretur.

56 3047 87 3084 ss
146 3025 253 3091 VIIII.
268 3026 440 3092 Considera
454 3027 589 3110 penitus,
603 3027 777 3104 Constanti,
793 3025 981 3092 maledictas
995 3024 1232 3089 adinueniiones

101 3127 229 3192 uestras
250 3129 464 3212 Arrianarum,
488 3130 515 3194 si
531 3149 591 3194 non
606 3131 685 3195 talia
701 3132 774 3194 sunt
790 3149 870 3212 quse
888 3127 1015 3212 egeritis
1031 3145 1088 3190 uos
1102 3125 1230 3191 interim

102 3232 191 3296 eirea
213 3233 431 3312 Athanasium,
456 3234 561 3316 qualia
586 3234 617 3296 ei
638 3233 685 3296 illi
709 3232 830 3316 egerint
852 3232 938 3296 eirea
960 3230 1145 3296 Susannam.
1162 3228 1232 3310 quis

104 3334 222 3398 etenim
238 3354 297 3400 non
314 3335 503 3402 credidisset
518 3336 575 3400 tibi
590 3336 772 3418 imperatori
789 3333 922 3398 dicenti:
939 3333 1144 3414 sueriteyr'um
1158 3333 1230 3412 feeit

107 3437 333 3503 Athanasius?
371 3438 481 3504 sedin
506 3437 647 3520 eequis
673 3438 709 3501 tu
738 3435 955 3502 detestabilior
983 3434 1070 3500 fuisti
1100 3435 1138 3500 ab
1167 3432 1230 3498 illis

61 3559 90 3606 eo
103 3540 295 3622 sonperditis
317 3541 381 3606 iuis
403 3539 726 3624 pseudopresbyteris,
749 3539 807 3604 tibi
830 3557 891 3604 non
915 3539 963 3604 est
984 3537 1065 3604 fides
1086 3537 1231 3602 habitan

207 3780 223 3832 3
242 3781 311 3834 Dan.
330 3780 430 3834 28-41

156 4003 345 4072 2pmesbiisri
449 4003 629 4073 4presbiteri
732 4003 899 4058 deelahism
1003 4002 1034 4054 11
1053 3999 1163 4072 psbiteri

52 4104 54 4107 ·
106 4089 138 4141 14
155 4090 311 4158 praesbiteri
398 4091 431 4144 15
448 4091 582 4174 uiridiario
601 4094 684 4159 (carr.
701 4108 735 4145 m.
753 4093 818 4158 ree.)
891 4089 923 4142 19
941 4087 1142 4142 concumbentes
1159 4084 1232 4139 cani.

104 4192 483 4264 animavertendum.
570 4193 604 4247 23
621 4192 791 4263 praesbiteris
872 4192 906 4244 25
923 4191 1045 4260 paenitus
1125 4187 1159 4260 30
1176 4188 1230 4241 tuis

106 4293 190 4333 omn
256 4279 479 4356 pseudapsbiteris

1079 4379 1128 4432 11*
