3050 5000
332 322 374 377 De
391 338 444 375 non
460 321 592 391 parcendo
609 322 638 373 in
656 319 733 374 deum
750 318 971 389 delinquentibus.
1151 318 1212 384 247

85 515 168 575 tunc
192 510 326 575 dixerint
348 509 389 574 ad
412 504 568 592 apostolos
590 509 746 591 principes
771 509 802 573 et
822 506 959 592 pontifex
982 508 1013 571 et
1031 526 1120 573 omne
1136 526 1213 573 con-

87 613 201 680 cilium
229 614 436 679 Iudaeorum:
469 612 568 677 uultis
594 611 793 677 introducere
821 630 916 692 saner
946 630 1004 676 nos
1025 613 1214 695 sanquinem

86 716 233 784 hominis
260 719 371 796 iliius,
406 716 501 784 etiam
530 713 681 779 Photinus
711 714 870 809 hominem
898 714 1022 779 tanturn
1050 715 1215 796 profitetur

89 820 144 884 dei
166 818 284 898 filium,
319 818 396 884 dicit
421 818 512 883 illum
533 837 592 883 non
615 816 712 882 fuisse
735 818 807 881 ante
829 818 956 882 beatam
978 818 1121 882 Mariam.
1158 819 1213 883 tua

52 934 72 973 ⁵
88 940 216 1005 quoque
246 924 325 987 haee
357 923 405 987 est
433 920 602 1004 professio,
637 921 721 1003 quod
744 920 826 985 enirn
850 921 921 985 ante
944 920 1048 985 omnia
1076 920 1233 1002 quidem,¹

87 1027 150 1090 hoo
176 1026 319 1090 estante
342 1025 695 1089 caelesterrammare
719 1024 751 1088 et
774 1024 877 1089 omnia
905 1041 985 1105 quae
1013 1024 1044 1087 in
1069 1023 1112 1087 eis
1142 1025 1214 1087 sunt

89 1128 143 1193 dei
167 1126 324 1207 sitibus,
356 1126 412 1193 sed
435 1127 519 1211 quod
540 1126 717 1193 constiterit
739 1146 777 1192 ex
799 1126 905 1205 nihilo,
936 1126 993 1192 sed
1015 1126 1099 1209 quod
1121 1146 1212 1191 orea-

87 1232 164 1295 ture
186 1230 236 1296 sit.
276 1229 352 1313 qnid
373 1231 525 1295 interesse
549 1230 709 1295 arbitraris
730 1230 813 1295 inter
834 1232 866 1295 te
890 1231 922 1295 et
944 1230 1076 1294 Paulum
1100 1228 1212 1296 Semo-

89 1335 237 1398 satenum
260 1332 313 1397 uel
334 1332 431 1398 istum
454 1333 520 1398 eius
552 1331 739 1414 discipulum
768 1332 859 1397 bium
888 1332 1117 1412 conscotinum,
1153 1330 1213 1397 nisi

36 1447 71 1487 1⁰
89 1437 166 1518 quia
186 1437 223 1500 tu
245 1440 318 1500 ente
341 1438 450 1501 omniu
472 1435 570 1514 dices,
593 1434 647 1499 ille
665 1454 740 1499 uero
758 1440 833 1517 past
846 1438 974 1501 omniu?
997 1437 1136 1500 ceterum
1152 1454 1220 1501 una

88 1538 182 1602 uobis
205 1538 402 1604 crudelitatis
426 1540 520 1621 atque
541 1537 774 1604 incredulitatis
795 1556 883 1604 mens
906 1540 969 1616 est,
1004 1538 1039 1603 ut
1066 1539 1213 1605 diceretis

88 1660 151 1705 non
174 1642 290 1708 habere
314 1642 408 1707 deum
430 1661 541 1707 uorum
569 1641 679 1708 filium.
718 1642 827 1707 eontra
855 1642 961 1708 uidete
990 1642 1144 1725 quomodo
1173 1642 1214 1706 sit

88 1742 223 1811 credens
255 1747 367 1811 saneta
400 1744 544 1812 ecclesia
582 1746 739 1813 armanus
768 1748 804 1811 in
831 1759 934 1812 unum
966 1746 1058 1811 deum
1086 1750 1214 1827 patrem

88 1850 341 1940 omnipotentem,
364 1848 543 1916 uisibiiium
565 1849 822 1915 etinuisibilium
836 1850 995 1931 factorem,
1018 1850 1096 1914 etin
1112 1868 1213 1913 unmn

39 1967 71 2006 1⁵
87 1950 255 2016 dominnm
271 1952 376 2017 Iesum
392 1950 554 2019 Obrutam
567 1952 675 2035 filium
697 1952 749 2017 dei
772 1955 886 2017 natum
908 1952 946 2017 de
964 1957 1068 2033 patre,
1091 1952 1147 2017 boc
1170 1958 1214 2018 est

86 2055 127 2118 de
148 2054 330 2120 substantia
346 2058 470 2138 patris,
500 2056 593 2121 deum
615 2057 745 2136 dedeo,
776 2056 880 2121 lumen
902 2056 1094 2135 delumine,
1122 2056 1213 2122 deum

87 2178 201 2223 uerum
222 2159 261 2224 de
283 2158 337 2224 deo
360 2179 452 2243 merc,
487 2165 601 2225 natum
630 2181 700 2225 non
722 2162 859 2242 factum,
893 2160 991 2224 unius
1019 2160 1213 2224 substantiae
1309 2172 1313 2181 ’

88 2277 162 2324 cum
178 2266 291 2348 patre,
321 2262 404 2346 qma
425 2262 541 2331 Graeci
562 2264 675 2329 amant
696 2266 886 2348 decateron,
909 2284 971 2345 per
992 2283 1081 2346 quem
1104 2264 1213 2357 omnia

86 2364 178 2444 facta
200 2370 289 2452 sunt,
321 2352 390 2433 siae
412 2358 491 2450 quac
513 2369 551 2432 in
572 2369 658 2434 caeto
680 2370 748 2433 siue
769 2376 850 2451 qaae
866 2369 908 2432 'in
931 2370 1018 2431 terra
1039 2371 1128 2451 sant,
1156 2367 1213 2447 qui

39 2488 70 2529 20
83 2473 216 2550 propter
243 2490 300 2536 nas
328 2459 470 2538 humilies
499 2476 529 2540 et
549 2476 688 2557 propin
716 2476 860 2539 nostram
890 2472 1024 2538 salntem
1045 2470 1212 2555 descendit,
1248 2534 1255 2548 ,

85 2571 280 2639 incarnatus
302 2579 356 2652 est,
386 2574 476 2641 bomo
499 2577 605 2658 factus
626 2581 680 2653 est,
696 2596 817 2659 passus
838 2573 892 2660 est,
922 2576 1095 2640 resurrexit
1118 2575 1213 2638 tertia

85 2675 156 2759 die,
183 2678 326 2742 mandit
346 2679 384 2744 in
406 2679 528 2744 caetum
550 2684 709 2744 uenturus
729 2681 873 2746 iudicare
893 2680 987 2744 uiuos
1008 2684 1037 2743 et
1058 2675 1213 2758 mortuo‘s;

87 2779 245 2844 credimus
272 2786 301 2844 et
326 2781 364 2845 in
392 2783 543 2861 spiritum
569 2787 726 2848 sanctum.
764 2781 919 2866 conspicis
941 2782 1037 2847 fidem
1060 2781 1211 2864 apostoli-

87 2896 160 2945 cam
183 2873 461 2966 euangelicamqne
485 2903 554 2950 esse
570 2886 661 2964 hanc,
685 2904 766 2968 quae
782 2903 904 2967 semper
912 2885 1019 2956 ,filium
1035 2903 1107 2949 eum
1122 2886 1210 2967 patre
1328 2897 1330 2902 '

41 2998 69 3039 2⁵
85 2999 237 3066 regnasse
261 2988 293 3050 et
313 2991 445 3070 regnare
469 2986 626 3066 defendat,
650 3007 730 3072 quae
752 2988 890 3054 fateatur
907 2989 938 3052 et
952 2987 1124 3070 perfectam
1141 3007 1210 3053 esse

87 3084 228 3161 diuinum
250 3089 423 3180 trinitatem
447 3091 479 3156 et
494 3109 588 3154 unam
601 3092 718 3156 hebere
735 3091 952 3155 substantiam.
977 3092 1117 3155 ceterum
1135 3087 1210 3173 quid
1271 3127 1273 3132 ·

83 3192 169 3256 inter
192 3193 369 3258 ‘eeclesiam‘
384 3193 416 3256 et
437 3208 494 3259 uos
522 3193 699 3258 haereticos
720 3193 778 3284 uel
795 3192 930 3258 Iudaeos
959 3193 1027 3258 erat
1053 3193 1150 3270 inter,
1184 3194 1210 3257 si

84 3313 148 3359 non
170 3295 214 3359 sio
238 3296 382 3360 crederet
409 3298 504 3361 beata
532 3296 689 3362 ecclesia?
719 3315 800 3378 quae
823 3285 933 3360 saneta
954 3295 1057 3360 fides?
1086 3297 1122 3360 ut
1145 3297 1209 3361 soi-

84 3398 164 3464 retis
187 3398 263 3481 quid
284 3399 315 3465 in
338 3399 427 3465 uobis
449 3400 538 3482 punit
568 3399 685 3469 domini
714 3398 865 3478 eeclesia,
901 3397 978 3463 dixit
1009 3399 1102 3481 atque
1133 3399 1210 3464 dicit

42 3511 70 3550 ³⁰
87 3501 129 3565 de
152 3502 257 3567 uobis:
291 3519 340 3566 eos
362 3507 467 3568 numm
489 3503 545 3586 qui
571 3503 699 3570 dicunt:
731 3506 801 3568 erat
828 3493 955 3584 quando
984 3522 1050 3566 non
1080 3508 1149 3567 erat
1182 3507 1210 3568 et

81 3605 277 3686 priusquam
299 3610 483 3670 nasceretur
504 3626 570 3671 nan
592 3611 671 3692 erat,
698 3608 826 3688 etquia
848 3627 886 3671 ea
907 3605 1009 3671 nullis
1031 3606 1209 3670 extantibus

188 3826 204 3878 2
221 3828 281 3882 Aet.
304 3827 329 3896 5,
347 3828 381 3883 28
451 3830 483 3884 13
500 3830 580 3884 Fides
597 3831 715 3884 Nicaeae
733 3829 787 3899 (62,
805 3827 856 3884 466
874 3829 974 3899 Migne)
1041 3829 1075 3882 30
1093 3829 1128 3882 ib.

137 4013 326 4068 2¹¹²trodneere
393 4015 457 4069 466
474 4015 540 4071 dicit
557 4018 627 4072 coni.
649 4017 821 4072 annunciet
890 4019 1005 4071 9istum
1026 4019 1057 4080 V,
1077 4031 1139 4094 eunr
1151 4017 1208 4068 tuur

83 4152 101 4188 c
152 4209 183 4232 m
205 4134 236 4187 11
255 4133 418 4190 amoenans
435 4153 460 4225 n
483 4136 646 4191 ereaunnns
668 4139 704 4207 v‚·
722 4106 804 4207 efspss
821 4141 883 4207 aar,
901 4142 938 4193 24
1029 4100 1140 4191 1111ιὲ

84 4236 119 4289 20
137 4236 225 4291 desdit
244 4239 285 4305 (⁰⁸¹
302 4255 336 4293 m.
355 4237 415 4306 att.)
486 4239 518 4293 21
538 4242 565 4294 et
582 4241 790 4296 incarnatusa'
