3050 5000
285 328 326 391 72
420 279 425 288 ἱ
774 326 928 382 Luciferi

284 515 377 580 ficem
400 516 561 581 dexteram
588 517 693 593 tuam,
721 516 885 598 tamquam
912 516 1014 598 possis
1042 515 1149 598 gladio
1178 516 1314 580 uincere
1346 533 1433 596 quos

284 619 410 684 uideres
432 621 559 702 propter
590 619 640 683 dei
662 619 763 684 filium
793 637 850 684 nec
873 621 1072 701 praesentem
1097 620 1244 684 dubitare
1268 618 1432 682 amittere

170 755 175 772 .
284 722 384 788 uitam
406 741 463 786 nec
486 723 724 804 perhorrescere
745 723 889 787 mortem.
926 722 967 786 ad
982 721 1064 787 filios
1077 721 1179 788 Israel
1194 721 1309 786 narrat
1325 738 1431 785 sanc-

283 825 425 890 tissimus
447 826 575 910 Moyses
597 844 636 890 er
657 827 827 908 praecepto
850 824 917 891 dei:
948 826 1060 909 uidete,
1084 826 1223 890 tradidit
1245 825 1344 890 uobis
1367 825 1426 889 do·

284 929 392 992 mimis
414 928 491 993 detes
510 932 614 994 ueste
635 933 711 994 αννίν
737 928 855 1009 facicm
882 933 1022 994 oestrum
1044 932 1180 1008 temam
1211 928 1424 994 metuente
1446 946 1457 982 ⁵

281 1031 445 1113 muricide,
460 1031 723 1113 quemadmodum
736 1031 821 1097 dicit
832 1031 980 1097 domines
991 1031 1068 1096 dees
1077 1035 1215 1112 patrem
1228 1035 1422 1096 nostrornm

285 1134 385 1200 netu.
408 1134 506 1200 notite
520 1134 629 1200 timere
640 1155 738 1216 oeque
746 1135 977 1218 formidemiei.
1003 1134 1276 1199 siiliisneminem
1287 1151 1422 1216 praeter

287 1236 382 1300 deum
395 1236 571 1302 timendum
584 1237 771 1302 mandatum
794 1237 852 1316 est,
874 1237 939 1302 iliis
953 1237 1124 1320 imaginem
1142 1237 1270 1302 nostrae
1287 1235 1420 1300 uocet-

285 1338 353 1402 onis
367 1339 575 1421 portantibus,
595 1340 711 1422 quanto
725 1340 828 1422 magis
843 1341 969 1422 praeter
985 1339 1079 1404 deum
1095 1339 1255 1404 neminem
1269 1339 1421 1403 metuere

283 1440 438 1506 condecet
459 1441 513 1524 qui
534 1461 596 1507 non
617 1443 720 1506 terras
735 1442 1005 1520 armenicorum,
1029 1444 1256 1508 lebusaeorum
1280 1442 1316 1505 et
1331 1440 1419 1506 Ger·
1434 1461 1453 1498 1

283 1561 471 1626 gesaeorum
494 1545 588 1627 atque
603 1545 868 1612 Amorrhaeorum
891 1545 989 1612 simus
1011 1545 1227 1611 desiderantes
1249 1542 1418 1624 consequi,

284 1646 343 1710 sed
366 1646 520 1712 caelestia
546 1666 654 1730 regna,
683 1648 741 1712 sed
765 1648 816 1714 dei
843 1651 1030 1732 perpetuum
1060 1651 1221 1714 amorem?
1255 1645 1419 1728 quomodo

286 1749 402 1812 etenim
417 1749 507 1831 uigor
521 1750 624 1816 inanis
640 1750 806 1834 dignitatis
821 1751 897 1816 tuae
912 1771 968 1818 nos
986 1753 1025 1818 ab
1043 1753 1102 1816 hoo
1117 1749 1221 1833 potuit
1237 1759 1292 1814 ant
1306 1749 1420 1831 potest

283 1851 442 1933 proposito
466 1851 604 1929 flectere,
628 1872 700 1918 cum
722 1855 848 1936 praeter
872 1855 967 1920 deum
983 1853 1187 1920 statuerimus
1203 1851 1419 1917 metuendum

285 1954 464 2019 neminem?
1433 1973 1453 2011 e

328 2055 365 2119 V.
387 2056 457 2120 Non
474 2076 582 2122 snmus
597 2057 768 2123 Christiani
793 2059 908 2124 axillis
932 2058 987 2140 qui
1002 2057 1162 2124 dixerunt:
1179 2059 1419 2140 propterquod

285 2159 367 2226 odiit
388 2180 446 2224 nos
468 2160 626 2244 domium,
651 2162 761 2226 educit
783 2182 841 2226 nos
863 2162 902 2228 de
923 2167 1012 2226 terra
1033 2162 1181 2245 Aegypti,
1204 2161 1334 2224 tradere
1358 2180 1418 2225 reos

284 2262 322 2325 ies
347 2282 463 2328 manes
486 2264 758 2330 Amorrieeorum
786 2270 815 2330 et
835 2265 1013 2346 disperdere
1040 2284 1114 2349 νιοες
1149 2262 1206 2330 sed
1232 2282 1351 2328 snmus
1382 2282 1419 2327 ex

284 2363 348 2428 iliis
376 2366 431 2448 qui
462 2365 606 2432 dixerunt
629 2386 665 2432 ac
690 2367 800 2432 dicunt
827 2367 1001 2434 addeum:
1026 2372 1160 2450 propter
1188 2372 1214 2432 te
1236 2367 1421 2432 occidimur

284 2471 352 2533 tote
372 2468 434 2550 die,
463 2471 624 2536 aestimati
650 2491 760 2537 semes
786 2475 824 2537 ec
845 2491 918 2537 oues
939 2472 1115 2554 occisionis,
1138 2471 1192 2536 sed
1213 2471 1249 2533 ie
1271 2469 1325 2533 ieie
1351 2489 1418 2533 om·
1431 2487 1451 2527 a

285 2571 380 2635 ositos
400 2591 589 2653 augeamus
607 2578 833 2657 praeteream
855 2576 910 2657 qsei
933 2576 1045 2641 dilexit
1067 2594 1134 2639 eoa.
1163 2593 1221 2639 non
1245 2573 1419 2637 timuimus

285 2692 387 2755 neque
408 2674 556 2740 timemus
577 2677 679 2743 minas
700 2679 773 2742 tuas
795 2696 862 2755 nos,
893 2677 946 2759 qui
968 2677 1113 2743 nouimus
1135 2677 1212 2741 111111
1234 2692 1333 2758 posse
1360 2676 1419 2739 deo

286 2776 444 2854 resistere,
473 2797 512 2843 ne
540 2778 576 2843 ut
597 2779 646 2845 illi
666 2799 832 2863 pereamus
860 2780 914 2863 qui
946 2780 1078 2845 audiunt
1107 2778 1264 2863 aMoysi:
1294 2780 1419 2861 fratres

286 2880 386 2944 uestri
405 2885 591 2946 euenerunt
621 2902 674 2947 cor
700 2887 843 2947 uestrum
870 2882 1022 2949 damea
1055 2902 1132 2966 geras
1159 2901 1282 2965 meque
1313 2888 1363 2945 est
1391 2885 1420 2945 et

286 2982 372 3047 dero
392 2983 495 3049 mutto
515 2988 544 3047 et
560 2984 725 3065 potentior
745 2984 835 3051 cotia
857 2990 885 3049 ct
907 2986 1053 3051 ciuitates
1067 3004 1204 3068 magnae
1219 2988 1248 3048 et
1263 2989 1418 3048 muratae
1430 3009 1450 3047 a

285 3104 382 3168 usque
404 3086 449 3150 ed
470 3086 603 3168 caetera
631 3086 686 3153 sed
708 3092 736 3151 ct
756 3088 844 3169 filios
864 3088 1031 3171 gigantum
1053 3087 1197 3153 uidioma
1223 3086 1306 3151 iilic.
1355 3105 1417 3149 nou

285 3188 433 3255 timemus
449 3189 591 3273 gladium
606 3191 697 3253 tuum
713 3189 892 3266 Christiani,
916 3190 969 3272 qui
984 3208 1222 3273 praesumemus
1244 3188 1416 3271 prostratis

285 3292 390 3368 uobis,
421 3291 472 3355 dei
498 3292 659 3375 religionis
681 3292 834 3371 inimicis,
865 3293 1014 3359 uenturos
1038 3292 1079 3357 ad
1107 3291 1287 3357 conuiuium
1311 3293 1415 3373 patri-

287 3394 453 3457 archarum
483 3396 707 3476 prophetarum
740 3396 952 3477 apostolorum
980 3414 1017 3461 ac
1039 3395 1220 3479 martyrum.
1264 3413 1414 3467 nonme-

285 3494 403 3559 tuimus
426 3496 576 3561 uirtutem
597 3497 711 3562 caduci
732 3498 821 3580 regni
846 3498 895 3561 tui
922 3498 1040 3563 milites
1068 3497 1175 3563 diuini.
1220 3514 1281 3561 non
1304 3515 1445 3561 sumusso

288 3616 325 3660 er
347 3597 410 3661 iliis
434 3597 627 3664 diffidentiae
650 3600 733 3678 filiis,
764 3600 819 3682 qui
840 3582 913 3682 plus
933 3600 1077 3665 inimicos
1101 3618 1175 3665 suos
1198 3618 1292 3682 quam
1318 3598 1413 3663 deum

388 3783 503 3837 4Deut.
522 3786 544 3848 l,
563 3784 595 3839 21
668 3786 699 3838 16
712 3784 748 3839 ib.
762 3784 786 3849 1,
800 3784 833 3838 27
905 3784 1119 3848 19111118,ὃὸ
1189 3783 1413 3849 2311111118

339 3971 624 4039 lposseeeetuidenis
635 3974 703 4039 sort.
773 3947 859 4027 uicere
927 3975 1082 4027 tinostrum
1099 3980 1166 4028 1111
1238 3976 1411 4032 rformideris

287 4074 302 4110 o
405 4056 498 4111 8illes
515 4064 583 4112 m.1
688 4059 858 4113 9111111111
881 4061 912 4113 io
935 4076 992 4115 ras.
1097 4059 1130 4113 10
1154 4076 1346 4117 cananaeorum

288 4142 320 4195 11
339 4148 365 4195 et
384 4142 416 4196 18
434 4160 625 4196 amorraeorum
707 4144 739 4197 19
757 4143 904 4199 occidemur
985 4144 1190 4199 descensionis
1271 4146 1410 4217 13111111

286 4246 302 4282 o
370 4227 404 4281 28
421 4229 553 4297 uenturos]
572 4246 619 4283 nos
638 4230 738 4283 oddo
