3050 5000
449 339 613 394 Moriendum
631 358 689 395 esse
705 356 751 410 pro
771 341 814 395 dei
832 342 895 397 filio.
1175 347 1242 415 285

103 533 270 598 clamante
292 531 426 597 ueritate
448 531 518 613 ipsa
540 532 708 613 cogereris,
731 532 961 615 disseptatione
983 534 1104 599 reuera
1119 536 1240 601 aduir·

102 638 216 701 tutem
243 630 486 717 confugiendum
515 634 676 699 censueris
708 634 868 718 fragilium
901 644 1060 702 umorum
1089 638 1242 704 tuorum?

103 742 276 823 tamquam
297 756 407 820 posses
430 737 525 803 armis
547 737 714 821 fragilibus
741 738 922 805 inmortalia
945 739 1026 805 dona
1048 742 1238 807 oonseoutn-

104 863 164 909 ros
194 861 343 925 superare
370 841 517 907 inimious
554 841 680 907 dianae
714 842 892 929 religionis,
930 844 1095 926 religiosos
1131 851 1242 910 seruos

76 947 232 1014 ⁵Ohristi
252 951 437 1029 praecursor
460 944 646 1022 antiehnisti‚
672 945 790 1011 milites
814 947 864 1012 dei
888 966 941 1013 eos
965 966 1043 1029 quos
1068 948 1110 1013 ad
1133 948 1239 1013 aeter-

106 1070 170 1116 nas
193 1049 367 1115 diuiuutis
389 1068 467 1114 snae
487 1048 691 1131 perfruendas
715 1049 872 1116 amicitias
894 1051 1006 1118 unione
1023 1052 1072 1131 est
1086 1051 1171 1117 filius
1188 1052 1239 1117 dei

106 1154 247 1219 inuitare
270 1152 418 1236 dignatm
440 1152 566 1217 dioenst
588 1152 673 1218 beati
693 1155 779 1237 estis,
803 1175 876 1219 eam
897 1174 953 1221 eos
976 1156 1047 1221 odio
1070 1155 1238 1223 habuerint

108 1258 254 1323 homiues
275 1261 305 1321 et
324 1256 547 1322 moiedieeates
562 1262 801 1339 persequentur,
829 1263 859 1323 et
880 1258 1114 1341 eeprobrobeent
1135 1263 1164 1325 et
1185 1259 1240 1329 de·-

108 1366 182 1427 eeat
203 1360 376 1426 aduersam
396 1363 455 1425 uos
476 1379 568 1425 mane
588 1360 720 1427 mdum.
756 1362 891 1445 partae
913 1366 943 1427 et
963 1363 1133 1443 cambato,
1162 1381 1241 1444 peo-

61 1481 95 1521 ro
109 1465 205 1529 aiam
230 1482 347 1529 merces
372 1467 482 1529 uestra
508 1462 612 1529 metm
639 1469 684 1529 est
704 1464 743 1529 ia
764 1452 866 1547 oaet05
898 1466 945 1531 sie
974 1466 1063 1553 ereim
1083 1465 1242 1546 persecuti

109 1573 190 1633 earet
210 1571 240 1631 et
255 1565 430 1648 propbetas
450 1567 508 1648 qai
529 1572 623 1631 aaut
643 1572 718 1632 eote
739 1587 806 1635 uos.
830 1587 886 1633 nos
907 1568 944 1633 tu
965 1568 998 1632 in
1022 1567 1165 1633 omnibus
1187 1567 1239 1633 in-

110 1670 223 1753 potens
247 1670 286 1734 be
308 1669 410 1751 gradu
431 1669 551 1752 putasti
572 1669 704 1751 pellere,
731 1670 789 1735 hos
807 1670 1005 1752 prosternere
1028 1688 1106 1752 quos
1128 1668 1243 1735 uideas

109 1774 231 1839 ideireo
255 1790 324 1837 esse
346 1772 473 1854 paratos
495 1791 551 1853 pro
573 1772 665 1837 nnioo
689 1772 740 1837 dei
768 1773 905 1839 interfiei
932 1774 1015 1851 filio,
1045 1772 1129 1857 quod
1158 1766 1245 1836 enim·

113 1877 268 1959 elegerint
288 1894 349 1941 non
370 1876 536 1941 nobiseum
557 1876 761 1957 negatoribus
778 1876 918 1959 torqueri
935 1877 1017 1959 apud
1033 1875 1159 1953 inferos,
1183 1874 1241 1941 sed

66 1995 99 2036 1⁵
113 1981 253 2046 caeleste
276 1979 426 2061 eonseqni
446 1996 594 2061 regnum
616 1980 673 2044 hos
694 1996 750 2061 per
763 1979 899 2057 ,inanem
920 1981 1010 2063 regni
1031 1980 1079 2045 tui
1101 1979 1243 2045 auotori-

111 2085 214 2150 tatem
229 2102 397 2151 censueras
418 2082 519 2149 temet
541 2083 765 2164 superaturum
788 2084 842 2167 qui
866 2084 917 2151 dei
938 2084 1059 2166 templa
1081 2102 1150 2148 esse
1171 2082 1243 2165 ipsa

114 2188 309 2254 confessione
336 2186 411 2251 iibei
441 2204 517 2250 snae
546 2186 734 2251 clarescunt
773 2189 809 2251 nt
840 2188 922 2253 enim
953 2206 1009 2253 nos
1035 2186 1160 2251 Arriani
1181 2204 1241 2249 ne-

112 2293 218 2376 gando
245 2290 348 2356 filium
377 2290 428 2354 dei
458 2289 568 2355 domos
597 2308 666 2355 esse
693 2290 836 2355 inmundi
863 2291 991 2373 spiritus
1013 2290 1144 2355 uooibns
1165 2308 1244 2372 pro-

112 2398 279 2480 phetarum
302 2393 515 2476 apostolorum
538 2394 633 2477 ιιοοο
654 2412 816 2460 sannorum
840 2395 1075 2477 euangeliorum
1091 2392 1241 2475 designa-

67 2520 99 2560 ιο
112 2501 200 2578 mini,
222 2501 268 2563 ita
290 2499 344 2580 qui
365 2496 467 2563 tilium
489 2499 541 2563 dei
556 2498 743 2565 eonfitemur
755 2501 876 2582 templa
892 2499 943 2564 dei
960 2518 1029 2565 esse
1045 2498 1246 2564 ostendimus·

114 2623 180 2670 nos.
204 2603 321 2667 milites
345 2601 396 2666 dei
417 2604 492 2666 tuae
508 2602 709 2667 carnificinae
725 2604 931 2669 sueoumbere
946 2604 1086 2686 potuisse
1103 2599 1244 2666 erudelis

116 2708 211 2790 atque
239 2706 395 2788 sacrilega
416 2724 507 2770 mens
533 2706 591 2770 tua
618 2707 873 2789 suggestionibus
896 2708 1005 2772 fauens
1028 2704 1240 2771 cohaeretico·

112 2830 185 2874 rum
211 2811 338 2874 tuorum
364 2809 635 2891 praesumpserat,
664 2828 720 2875 nos
744 2828 822 2892 quos
847 2811 967 2893 templa
990 2829 1047 2875 sua
1070 2808 1147 2872 dieii
1171 2825 1245 2872 esse

116 2914 195 2980 dens
217 2912 278 2979 sio:
306 2913 460 2994 quoniam
480 2912 666 2977 inhabitabo
687 2914 726 2978 ia
747 2913 816 2978 iilis
837 2919 868 2980 et
888 2916 972 2980 irater
993 2933 1042 2979 eos
1064 2910 1240 2990 ambutabo,

70 3035 100 3077 οι
114 3022 147 3082 et
166 3038 218 3082 ero
239 3017 369 3081 iliorum
390 3016 467 3081 deas
488 3019 518 3080 et
538 3017 604 3096 ipsi
624 3022 719 3081 eruat
740 3017 822 3082 mibi
837 3018 991 3099 populos,
1021 3018 1078 3082 hos
1107 3017 1139 3080 te
1168 3015 1242 3080 nin-

115 3137 188 3185 eere
208 3118 349 3202 potuisse
370 3118 570 3183 iudioaueras
586 3138 664 3200 qnos
681 3120 840 3202 apostolus
856 3121 999 3184 hortatur
1017 3119 1130 3184 tollere
1146 3120 1241 3184 deum

116 3225 149 3289 et
169 3224 295 3306 portare
316 3222 349 3286 in
372 3213 553 3304 corporibus
576 3221 650 3300 suis,
673 3224 731 3287 hos
752 3225 785 3287 te
810 3223 904 3287 armis
926 3223 1069 3289 futilibus
1082 3222 1172 3304 regni
1193 3221 1208 3284 t
1232 3221 1239 3235 '

116 3327 262 3418 subigere
284 3325 423 3408 potuisse
446 3325 551 3390 fueras
575 3326 703 3407 quidem
726 3327 913 3402 arbitratum
937 3327 994 3392 sed
1016 3326 1179 3408 perspicis,
1208 3325 1240 3388 in

114 3434 170 3496 tuo
198 3430 316 3514 palatio
344 3430 429 3494 intra
456 3430 563 3495 uelum
590 3430 668 3494 lieet
695 3431 782 3496 stans
810 3431 913 3496 tulisti
940 3449 1126 3514 responsum
1149 3447 1168 3492 a
1189 3447 1243 3493 me

73 3555 102 3595 eo
117 3535 158 3599 ad
186 3533 434 3599 conseruandam
462 3533 598 3598 salutem
625 3553 733 3598 omnes
764 3534 815 3598 dei
844 3551 951 3598 seruos
981 3531 1106 3598 ealeata
1126 3531 1241 3596 friuola

117 3638 304 3702 anctoritate
326 3637 383 3701 tua
403 3638 508 3701 mente
524 3636 688 3701 uoluntate
705 3637 810 3702 studio
825 3637 942 3702 uirtute
958 3654 1037 3701 ιιοοο
1055 3635 1241 3701 consentire.

218 3791 392 3855 enatent,
412 3791 451 3844 ll.
471 3791 504 3844 12
574 3789 771 3854 rancone,
792 3792 823 3844 16
893 3791 926 3844 25
946 3791 977 3845 ef.
997 3789 1056 3847 Cor.
1074 3791 1099 3854 6,
1118 3789 1151 3840 20

167 3929 300 3998 leogeris
323 3935 391 3984 eal
422 3988 432 4006 ·
495 3927 511 3980 2
535 3917 668 3997 fragilium
684 3927 854 3998 Aruernorum
875 3930 980 3982 tuorum
1004 3926 1133 3981 censueris
1157 3941 1172 3979 ο

117 4033 227 4087 71ιοι1ἰο
306 4032 499 4101 8exprobrant
519 4033 551 4095 V,
570 4049 653 4086 eme
731 4032 764 4085 14
782 4005 833 4084 no¹²
891 4033 955 4099 aput
1024 4031 1056 4083 16
1075 4030 1243 4102 superaturos

120 4122 173 4188 Vo;
191 4136 238 4173 em.
259 4117 346 4173 Ootete'
425 4119 456 4171 17
475 4116 555 4171 fidaei
629 4117 663 4170 20
680 4118 721 4170 ita
739 4118 784 4186 qui
801 4118 872 4171 corti.
892 4117 982 4184 Delius
1001 4116 1033 4168 iro
1049 4113 1134 4181 aetio,
1151 4113 1243 4181 itaque

121 4208 166 4272 Vr,
184 4206 224 4258 ita
242 4220 320 4274 quum
338 4204 408 4259 oeni.
426 4203 597 4258 Geilaadioes
666 4203 699 4256 22
713 4203 953 4272 quohaeretioorum
966 4215 1071 4254 suorum
1108 4249 1109 4254 ,
1140 4197 1173 4252 28
1184 4215 1241 4266 per-

118 4292 204 4361 spicis]
224 4307 281 4345 eum
300 4291 366 4344 add.
387 4289 481 4355 Coreto,
499 4290 635 4358 perspicue
654 4289 700 4343 uei
716 4289 882 4358 perspicuum
903 4287 973 4342 Gali.
1044 4283 1190 4338 30·iribola
