3050 5000
317 340 381 406 244
805 332 952 388 Luciferi

317 535 401 596 entes
429 529 580 611 quomodo
603 528 761 609 punirent
792 544 840 591 eos
864 528 999 608 propter
1015 520 1182 611 populum.
1225 538 1347 585 omnes
1380 521 1455 583 enin

317 633 568 715 honorificabant
595 631 688 696 deum
716 630 752 693 in
782 629 874 713 sacto.
914 646 1073 692 annorum
1095 628 1168 690 erat
1190 622 1284 707 plns
1313 622 1454 705 quadra-

315 738 409 821 pinto
430 735 528 817 bomo,
553 735 590 800 in
613 754 673 815 quo
693 734 817 817 suanm
839 734 885 796 est
905 730 1032 815 sipnmn
1051 727 1218 795 sanitatis.
1242 726 1389 792 dimissi
1403 748 1453 797 au·

317 844 377 903 tem
397 842 554 902 uenerunt
576 838 619 901 ai
639 856 712 902 snos
733 840 765 901 et
786 834 962 899 retulerunt
984 836 1107 916 quanta
1130 830 1175 897 aet
1189 829 1275 896 ilios
1285 828 1453 913 principes

316 942 512 1008 sacerdotem
532 945 561 1005 et
583 940 721 1005 seniores
741 939 902 1004 dicerunt.
940 941 975 1002 at
997 936 1049 1002 illi
1071 956 1141 1002 cum
1165 934 1366 1014 audissent,
1397 954 1475 998 nme

318 1045 427 1109 aninro
456 1044 648 1109 leuauerunt
673 1062 780 1108 uocem
808 1042 851 1107 od
877 1041 1043 1107 dominnm
1064 1046 1093 1105 et
1115 1040 1296 1105 dicerunt:
1332 1037 1452 1105 domim

318 1152 355 1212 tn
375 1148 451 1213 deus
472 1148 528 1229 qni
554 1147 657 1228 fecisti
684 1145 805 1211 cochem
827 1148 857 1210 et
876 1148 996 1210 terram
1019 1149 1048 1208 et
1068 1164 1157 1209 mare
1180 1147 1212 1207 et
1234 1141 1358 1207 omnia
1381 1163 1450 1223 qnae

319 1252 356 1315 in
384 1252 430 1316 eis
455 1254 533 1315 sunt
560 1251 617 1332 qui
640 1250 880 1331 perspiritum
908 1252 1056 1314 sanctum
1085 1252 1115 1313 et
1143 1266 1178 1312 os
1203 1246 1325 1329 patris
1355 1248 1449 1310 nostre¹

307 1354 431 1445 'Donni
447 1354 543 1435 pueri
564 1355 615 1417 tni
636 1353 770 1419 elisisti:
802 1373 900 1434 quare
928 1352 1126 1434 fremuerunt
1152 1356 1263 1435 pentes
1289 1354 1321 1414 et
1339 1348 1448 1431 populi

222 1539 227 1549 ⁴
317 1458 463 1522 meditati
487 1460 564 1522 sunt
588 1457 732 1522 inania?
765 1456 959 1523 adstiterunt
986 1476 1070 1539 repes
1099 1460 1200 1521 terrae
1233 1460 1262 1520 et
1281 1454 1468 1536 principem

317 1564 531 1626 conuenerunt
545 1561 582 1625 in
596 1580 698 1625 unum
714 1559 868 1625 aduersus
882 1559 1049 1625 dominnm
1066 1564 1094 1637 et
1109 1559 1271 1623 aduersus
1286 1556 1445 1623 Christum

317 1664 394 1729 eius.
439 1667 653 1728 conuenerunt
674 1664 760 1728 enim
782 1682 855 1728 nere
876 1663 913 1727 in
936 1662 995 1728 bac
1017 1662 1146 1728 ciuitate
1168 1660 1338 1727 aduersus
1361 1679 1444 1723 sanc·

318 1770 387 1831 tum
412 1766 518 1849 tilium
544 1771 634 1831 tunm
662 1766 770 1831 Iesum
802 1786 893 1849 quem
921 1750 1053 1835 nnubti
1077 1764 1217 1831 Herodes
1249 1768 1280 1828 et
1315 1762 1444 1828 Pontias

316 1868 447 1934 Pilatus
475 1890 546 1935 enm
571 1866 715 1953 pentibus
742 1870 926 1952 etpopulis
947 1868 1053 1935 Israel
1080 1872 1185 1953 facere
1214 1888 1306 1950 qnae
1339 1886 1444 1931 manus

316 1977 374 2037 tua
396 1977 425 2037 et
445 1973 613 2038 consilinm
624 1974 803 2057 praefiniit.
828 1977 970 2057 etnam,
994 1973 1126 2054 domine,
1150 1972 1274 2052 respice
1291 1970 1334 2034 in
1349 1970 1465 2033 niune

316 2094 422 2140 eornm
436 2080 465 2140 et
479 2075 523 2140 do
538 2076 639 2141 seruis
660 2076 726 2141 tuis
747 2095 818 2141 enm
841 2076 929 2141 omni
949 2076 1071 2159 fiducia
1090 2075 1176 2157 loqui
1191 2072 1337 2138 uerbum
1353 2077 1441 2154 tuum,

192 2242 196 2251 ,
317 2180 393 2244 etum
421 2180 562 2245 emendis
589 2199 706 2244 manus
735 2180 779 2244 acl
806 2182 963 2245 sanitates
986 2200 1022 2245 ac
1044 2181 1137 2263 siqua
1160 2183 1189 2244 et
1212 2176 1385 2260 prodipia·
1401 2175 1420 2256 f
1432 2211 1442 2222 ·

317 2282 431 2347 cienda
447 2302 509 2364 per
529 2302 642 2347 nomen
663 2283 768 2347 saneti
788 2282 853 2364 filii
868 2284 917 2347 tui
932 2283 1016 2348 Iesu.
1038 2286 1067 2346 et
1082 2303 1153 2347 cam
1168 2284 1331 2364 orassent,
1355 2283 1443 2343 nrotm

316 2389 360 2449 est
383 2386 467 2450 locus
487 2386 524 2450 in
545 2404 606 2467 qno
627 2388 719 2449 mant
742 2386 936 2470 conprepati,
966 2389 996 2450 et
1016 2386 1126 2468 repleti
1148 2388 1226 2449 eant
1249 2402 1366 2448 omnes
1388 2382 1443 2463 spi·

317 2489 385 2552 ritu
407 2492 526 2570 sancto,
551 2492 581 2553 et
602 2488 810 2571 loquebantur
831 2488 961 2554 uerbum
982 2487 1035 2553 clei
1057 2507 1127 2553 cum
1151 2488 1240 2552 omni
1263 2486 1403 2569 fidncia.
1452 2496 1465 2536 t

359 2591 461 2656 XVII.
500 2591 534 2657 Si
556 2591 713 2674 collegisti
734 2592 799 2656 iam
821 2593 935 2656 cuncte
958 2587 1013 2657 'cur
1034 2592 1112 2656 heec
1141 2590 1393 2674 protulerimus,
1424 2587 1442 2651 ei

317 2693 458 2759 inbibieti
480 2713 571 2760 omne
593 2695 717 2777 penitus
740 2695 994 2778 praescriptionis
1018 2696 1142 2761 nostrae
1164 2693 1380 2771 desiderium,
1403 2692 1442 2755 di-

319 2815 390 2860 cere
425 2797 554 2863 audebis
588 2797 720 2863 ulterius
753 2817 810 2863 nos
846 2817 915 2864 esse
948 2798 1150 2882 petulantes?
1188 2795 1442 2880 quandoquidem

318 2898 430 2963 uideas
457 2917 514 2963 nee
541 2900 704 2988 ,apostolos
732 2900 843 2988 beatos
872 2902 1065 2984 temperasse
1097 2899 1230 2966 ducriius
1254 2899 1442 2964 Iudaeorum

225 3037 229 3044 -
319 3020 376 3066 nec
397 3002 490 3067 minis
521 3003 724 3068 succubuisse
756 3024 880 3085 eornm,
915 3004 972 3071 sed
1001 3004 1103 3088 magis
1132 3002 1293 3085 intrepide
1330 3005 1463 3083 sempere

320 3104 445 3169 (luxisse
470 3105 510 3168 ad
533 3107 687 3186 effectum,
711 3108 772 3172 sibi
795 3108 976 3191 delegatum
997 3107 1130 3173 totidem
1153 3107 1250 3172 etiam
1277 3105 1335 3169 dei
1356 3125 1440 3188 popu-

319 3207 386 3272 lum
406 3227 466 3272 non
486 3209 588 3274 solum
608 3229 668 3275 non
690 3210 788 3276 titisse
808 3211 1008 3294 perterritum
1025 3209 1326 3276 comminationibus
1346 3209 1440 3273 incre-

322 3309 476 3390 dulorum,
507 3313 563 3377 sed
587 3313 682 3377 etiam
703 3313 801 3378 trisse
825 3315 1033 3392 obsecratum,
1065 3313 1100 3378 ut
1120 3311 1273 3377 fiduciam
1288 3297 1439 3394 'loquere'

321 3413 592 3498 constantiamque
627 3415 815 3482 defendendi
847 3417 1016 3482 ueritatem
1048 3416 1160 3482 fuisset
1194 3417 1352 3499 apostolis
1387 3416 1438 3481 suis

323 3514 470 3598 dignatus
490 3518 629 3583 tribuere
653 3518 740 3583 deus.
779 3520 923 3602 eiigitur
945 3521 1004 3584 hoc
1029 3519 1061 3584 et
1084 3521 1121 3584 ab
1147 3519 1300 3601 apostolis
1329 3519 1461 3584 factum

322 3619 371 3682 eet
396 3618 499 3685 bestie
529 3620 560 3684 et
588 3620 712 3704 populis
741 3621 799 3686 deo
830 3622 942 3686 dicatis
971 3623 1003 3686 et
1028 3641 1088 3687 non
1111 3625 1184 3687 eunt
1205 3641 1312 3706 neque
1328 3623 1436 3687 -oontu-

321 3739 428 3786 maces
450 3741 551 3804 neque
573 3723 751 3804 petulantes
775 3723 851 3788 dicti
875 3744 894 3788 a
916 3724 984 3803 deo,
1009 3725 1092 3807 quod
1113 3725 1291 3790 restiterint
1313 3725 1436 3790 inimicis

323 3824 406 3903 eius,
441 3825 595 3906 quomodo
625 3843 682 3891 noe
712 3825 845 3892 dicimur
868 3847 886 3891 a
906 3827 939 3894 te
967 3827 1092 3910 superbi
1120 3828 1305 3911 petulantes
1334 3829 1434 3893 contu-

371 4037 527 4134 1pirer0nr
631 4063 663 4118 re
681 4066 794 4120 nesea
882 4066 914 4120 14
933 4083 1008 4137 quem
1094 4067 1287 4154 marcilium
1307 4071 1394 4124 raras
1409 4071 1433 4121 en

307 4166 396 4220 ‘notis
465 4168 641 4238 praefingito
716 4134 794 4223 ibet
812 4167 845 4237 (⁸¹¹
862 4187 896 4224 m.
916 4171 976 4238 alt.)
1062 4169 1097 4223 22
1114 4186 1220 4225 omnem
1308 4157 1399 4227 23'nos
1413 4188 1432 4237 o,

320 4267 374 4305 non
395 4252 422 4306 V
485 4253 519 4307 29
536 4253 616 4308 fuisse
685 4253 719 4308 32
736 4254 835 4308 inimici
