3050 5000
311 3045 332 3242 i]

352 382 416 449 236
844 380 993 435 Luciferi

353 572 484 637 einim
512 590 589 637 uoco
617 591 738 654 mopso
763 573 889 638 om.-
923 572 1027 635 emoto
1054 569 1200 636 semotos
1222 573 1370 635 stauos
1389 576 1446 638 tosto

353 680 770 757 mesammones.
810 674 1448 757 dsopdctipseetsiliieiusiooos·

353 783 415 844 tem
434 784 465 846 ot
485 780 685 861 relicuomst
704 798 919 861 pomisque
939 777 1092 844 uncam
1114 780 1153 843 in
1174 779 1326 845 ciuitate.

396 883 485 949 XIII.
524 882 609 963 Quin
635 883 702 947 tole
732 900 752 947 o
780 881 870 947 nobis
898 880 1019 947 tectum
1045 883 1258 965 conspexisti,
1296 883 1334 946 ut
1354 882 1449 965 &peis

355 987 477 1053 neore:
510 986 735 1053 contumeliam
761 985 844 1049 miti
864 985 939 1065 fecit
961 985 1110 1067 Lucifer?
1142 987 1200 1051 ille
1231 986 1347 1069 gladio
1373 990 1449 1052 cecili

353 1092 439 1172 rogis
467 1090 663 1167 eniminum,
696 1088 755 1155 sed
786 1089 818 1153 et
848 1106 920 1153 eum
950 1108 1045 1170 quem
1073 1089 1200 1155 uiderat
1222 1090 1269 1155 de
1298 1090 1403 1173 populo
1418 1110 1449 1157 sno

352 1195 439 1277 regis
466 1193 571 1259 edicto
600 1212 696 1276 quem
726 1192 780 1257 clei
810 1193 1021 1273 temperasse;
1055 1211 1129 1275 ego,
1165 1194 1245 1275 quia
1276 1193 1338 1258 tibi
1366 1213 1395 1257 ec
1414 1196 1449 1259 tuis

353 1299 451 1364 norbo
464 1297 578 1363 resisto
592 1297 626 1361 et
641 1296 729 1361 dico:
750 1315 815 1361 ooo
836 1294 1018 1378 doctisque
1040 1284 1258 1377 apostoticam
1282 1302 1448 1379 oiqoeeu

351 1401 485 1486 pelicum
505 1402 607 1483 fidon,
628 1400 675 1466 sio
696 1402 788 1467 modo
803 1399 955 1481 pucosodo
969 1398 1448 1479 commemorabamus

352 1512 382 1571 ot
395 1505 492 1571 locet
500 1510 614 1586 potres
627 1504 740 1582 muri,
762 1501 837 1567 inde
859 1501 943 1584 opud
964 1500 996 1565 te
1019 1518 1092 1567 reus
1115 1504 1384 1569 contumeliorum
1401 1524 1457 1569 sun¹

354 1610 383 1675 si
404 1608 519 1674 luisses
540 1608 756 1673 intermunus
777 1605 953 1671 Motethiae
980 1604 1073 1669 istius
1101 1606 1233 1671 uolentis
1263 1608 1360 1671 deum
1381 1611 1447 1673 euti

353 1732 450 1779 monn
471 1713 584 1777 Fiueos
605 1711 658 1775 cui
678 1710 895 1775 testinnonium
917 1708 950 1773 in
971 1707 1120 1774 Numerio
1143 1710 1227 1791 opud
1253 1712 1385 1795 Moysen
1405 1733 1447 1795 po-

354 1817 442 1882 hibet
463 1815 542 1880 iens
565 1815 598 1880 et
619 1814 867 1897 alienigenarum
889 1831 976 1878 more
999 1814 1108 1879 uiuere
1129 1814 1323 1897 temptares,
1347 1816 1448 1879 sinetu-

353 1920 406 1986 bio
426 1920 459 1983 te
482 1917 589 2001 glasto
610 1916 833 1983 interficerent
869 1916 971 1981 illito
994 1916 1102 1999 gladio
1124 1916 1254 1982 fuerent
1278 1918 1447 1983 interiectu:

355 2042 430 2106 ego,
463 2022 539 2105 quio
564 2022 660 2087 uerbo
691 2021 830 2085 animum
860 2020 951 2085 illum
980 2022 1071 2085 tuum
1097 2040 1209 2086 eruore
1232 2022 1461 2088 Chn'Istienoun=

353 2126 551 2191 madidatum
581 2125 727 2199 uulnere,
760 2142 835 2189 reus
865 2123 988 2189 iudicor
1010 2124 1278 2190 contumeliorum
1305 2128 1382 2191 ete.
1410 2148 1446 2191 cu.

352 2230 532 2312 imperator,
554 2246 617 2293 uou
638 2227 802 2291 ulcisceris
824 2227 857 2291 te
880 2226 920 2293 (lc
943 2232 1015 2293 me?
1038 2246 1094 2293 cnr
1109 2228 1328 2295 contumelias
1342 2232 1446 2295 tuusne

355 2333 495 2416 tignulis
517 2331 696 2409 defendere,
718 2330 883 2396 uindicare
904 2332 937 2394 te
961 2330 1001 2397 do
1019 2332 1144 2397 homine
1159 2333 1336 2398 mendico?
1357 2354 1446 2398 curuos

356 2436 435 2502 sotis
457 2439 575 2519 egens?
608 2452 670 2501 non
692 2434 768 2517 quie
790 2434 885 2511 nolis,
921 2434 978 2500 sed
1000 2436 1075 2518 quio
1096 2436 1155 2502 tibi
1179 2436 1288 2503 adhuc
1313 2456 1371 2502 uon
1390 2437 1446 2502 ineu

355 2541 431 2604 dots
447 2539 588 2621 potestus
604 2540 643 2604 nb
666 2558 715 2616 eo,
738 2538 829 2604 cuius
852 2557 903 2604 me
926 2557 996 2604 osse
1019 2539 1179 2605 conlidens
1201 2541 1263 2607 tibi
1288 2544 1366 2607 haec
1384 2543 1460 2606 lons

353 2645 425 2709 cieo
447 2663 526 2710 noce
549 2662 629 2726 quoe
651 2642 779 2726 quidem
801 2643 889 2708 iuxta
910 2644 982 2710 tuos
1005 2645 1155 2710 notandos
1179 2646 1274 2710 aeus
1298 2647 1446 2729 pronunti

353 2746 530 2810 uideantun.
567 2746 626 2812 titi
654 2745 861 2828 omnibusque
892 2746 1012 2812 diuitiis
1040 2747 1128 2829 regni
1155 2748 1220 2825 tui,
1254 2751 1343 2830 patri
1365 2767 1446 2832 quoqu

354 2851 409 2917 tuo
430 2850 629 2916 renuntiasse
651 2869 709 2915 nos
730 2868 804 2915 cum
827 2849 945 2915 uoletis
969 2851 1001 2914 et
1024 2869 1043 2914 a
1064 2850 1127 2915 fide
1149 2852 1236 2916 nullo
1258 2854 1358 2935 paeto
1377 2871 1445 2917 reces-
1474 2921 1475 2938 χ

357 2971 447 3020 suros
475 2953 634 3036 pollicitus
662 2954 834 3035 inspexeris
864 2954 1014 3031 multum,
1048 2954 1156 3018 mirari
1181 2974 1239 3020 uos
1271 2958 1358 3022 scius
1388 2955 1445 3038 quoi.

354 3075 429 3122 cum
451 3075 505 3122 ore
527 3056 627 3140 gladii
649 3056 752 3122 soloas
775 3056 981 3138 displicentes
1003 3054 1061 3123 tibi
1085 3058 1249 3137 deuorare,
1274 3061 1461 3126 nobistsneni

353 3179 476 3242 porcos.
500 3160 595 3226 credo
616 3160 745 3242 pietatis
768 3179 875 3238 conss,
900 3161 933 3226 et
953 3180 1120 3243 possumus
1135 3161 1223 3226 istud
1239 3164 1359 3228 sentire
1375 3163 1446 3226 deuo

354 3263 495 3328 lenitate.
524 3263 647 3328 nullum
670 3264 786 3328 etenim
807 3263 841 3328 te
863 3263 1058 3330 interfecisse
1081 3283 1118 3329 ex
1141 3265 1239 3328 nimie
1260 3265 1322 3331 tue
1343 3264 1446 3346 bonigo-

355 3367 424 3430 tete
445 3367 534 3448 potui
556 3367 715 3450 colligere.
753 3366 850 3432 dicis:
880 3369 1031 3449 superbus
1051 3373 1106 3434 ost.
1144 3368 1228 3432 unde
1250 3369 1313 3434 tibi
1336 3367 1446 3451 superbos

354 3487 425 3533 esso
446 3469 578 3536 uidcor?
600 3489 712 3552 nempe
735 3471 810 3552 quio
826 3471 917 3536 anelis
933 3491 952 3535 e
966 3489 1018 3536 me
1033 3489 1073 3537 eo
1085 3471 1119 3536 te
1134 3489 1246 3554 gerere
1262 3492 1347 3555 quoe
1362 3485 1446 3552 senper

355 3571 489 3638 fecefint
508 3574 616 3638 hostes
640 3573 693 3638 uei
712 3573 884 3668 religionis.
910 3575 959 3639 est
981 3574 1077 3640 officii
1098 3576 1172 3652 mei,
1197 3575 1233 3639 ut
1247 3578 1330 3642 hoec
1346 3577 1463 3658 ingessul

353 3675 412 3740 tibi
433 3677 601 3741 haeretico.
627 3679 765 3741 autnon
790 3695 823 3741 os
846 3677 1048 3744 haereticus?
1071 3677 1098 3743 si
1122 3681 1228 3742 eutem
1245 3680 1445 3745 hoeretiouses.

355 3798 411 3845 our
432 3799 484 3844 me
505 3781 642 3859 meuses,
680 3780 763 3862 quod
788 3781 870 3845 onim
894 3781 954 3846 sim
975 3781 1034 3846 tibi
1055 3781 1234 3859 inluniosus
1272 3783 1327 3866 qui
1348 3783 1377 3846 id
1396 3778 1446 3843 lesio

407 3967 546 4024 loedioto
615 3969 733 4037 leopos
811 3973 844 4024 11
861 3969 991 4024 matthiae
1069 3970 1103 4024 12
1120 3973 1184 4039 aput
1272 3971 1306 4024 13
1325 3971 1446 4038 oligennu

356 4063 425 4113 m.1
530 4055 564 4108 14
585 4058 615 4108 to
632 4071 657 4124 g.
674 4054 694 4110 f.
711 4055 878 4110 interfecturi
901 4074 961 4124 coep.
983 4056 1155 4111 Galloodisos
1261 4058 1293 4110 16
1313 4057 1404 4110 uulnere

354 4145 388 4199 18
405 4141 555 4212 (ligneum
659 4143 691 4195 19
709 4144 785 4212 sotis]
812 4143 849 4196 sic
867 4143 937 4197 cossi.
959 4141 1131 4196 Galluoodisos
1153 4157 1211 4195 ooo
1228 4143 1382 4213 iutellepeoo
1396 4135 1446 4192 corti

354 4245 466 4285 colossos
562 4227 597 4281 24
613 4228 756 4297 publicitus
774 4230 845 4283 ooos'.
864 4229 1002 4283 Latinius
1097 4227 1208 4280 multum
1227 4229 1302 4296 qood
1320 4228 1394 4297 outo
1407 4236 1444 4276 ooo

355 4315 532 4383 sequentibus
549 4316 731 4385 oooimopitor
755 4333 818 4370 eom
832 4315 989 4384 participio
1007 4315 1139 4383 pollicitus
1157 4315 1294 4367 coniunxi
1387 4305 1445 4362 mun

361 4400 431 4455 cossi.
449 4399 595 4467 Latinius,
613 4401 733 4453 moerori
753 4403 785 4468 V,
802 4401 919 4454 misereri
936 4418 953 4454 o
1021 4401 1055 4452 25
1072 4403 1162 4453 tumen
1180 4415 1265 4454 oneo
