3050 5000
456 347 498 400 De
517 347 610 398 saneto
628 343 777 398 Athanasio
795 343 864 398 iiber
880 342 901 397 I.
1199 342 1240 408 75

111 541 173 602 ant
192 537 310 602 mniier
330 537 387 618 qni
407 535 515 616 feeerit
536 535 717 617 mationem
744 538 819 599 ante
846 534 1011 599 dominnm
1033 533 1125 598 denna
1148 536 1239 598 tanne

109 640 253 705 transire
263 640 302 702 in
315 642 536 702 testamentare
545 637 621 714 eins,
637 641 665 700 et
680 636 840 701 uenientes
854 635 1026 700 sernierint
1043 635 1107 700 diis
1122 635 1241 700 olienis

110 747 141 808 et
163 742 374 807 adoranerint
394 761 444 806 eos
467 745 525 806 ant
546 740 607 805 soii
628 744 686 804 ant
708 739 804 804 tanae
827 738 1003 814 anteeant,
1026 740 1083 818 qni
1105 744 1180 804 sant
1204 739 1239 803 in

110 844 232 910 mnndo
255 843 293 910 de
313 842 411 924 eaelo,
435 841 468 906 et
481 841 578 906 infre:
597 842 750 923 produces
768 841 878 904 airam
895 839 989 904 itinn
1005 845 1064 904 ont
1077 840 1240 907 molieram

112 946 221 1036 iiiarn,
244 951 272 1011 et
295 946 484 1027 lapidabitis
504 965 556 1010 eos
569 945 607 1010 in
623 944 797 1026 lapidibus,
819 948 848 1010 et
863 946 1048 1010 morientur.
1071 944 1108 1008 in
1122 944 1241 1009 dnebas

111 1051 244 1116 testibns
266 1055 323 1114 ant
345 1049 382 1112 in
404 1048 506 1114 tritas
527 1048 692 1115 morietur.
716 1048 855 1111 moriens
871 1066 937 1112 nen
952 1047 1104 1112 morietnr
1121 1048 1158 1110 in
1176 1067 1241 1111 nne

113 1157 198 1219 teste.
221 1156 251 1218 et
273 1171 390 1216 manns
412 1153 538 1216 testium
563 1153 624 1216 erit
651 1171 747 1233 saper
778 1172 849 1215 enne
878 1153 916 1214 in
938 1150 1060 1233 prinis
1089 1150 1133 1214 ad
1160 1153 1240 1216 eeei-

112 1256 255 1321 dendnne
269 1255 375 1338 illam,
391 1259 421 1320 et
434 1274 552 1320 nanas
567 1256 662 1319 totins
669 1253 774 1337 pletis
782 1258 950 1335 postremo.
989 1258 1018 1318 et
1040 1253 1130 1318 tolles
1145 1253 1239 1318 nati-

110 1379 213 1442 onem
235 1378 274 1423 ea
287 1358 376 1424 notis
398 1359 488 1440 ipsis.
511 1357 538 1422 si
553 1377 614 1422 non
630 1376 674 1435 es,
699 1356 874 1434 Constanti,
898 1375 1026 1422 currens
1049 1376 1122 1421 oum
1137 1357 1240 1422 male-

66 1460 219 1540 rediens,
243 1481 299 1526 enr
320 1479 381 1525 non
403 1460 562 1526 mandetis
585 1460 636 1524 dei
659 1460 742 1524 serui
764 1459 897 1542 paruisti
919 1460 1044 1543 Moysi?
1078 1479 1144 1538 eor,
1168 1479 1241 1524 oum

111 1565 170 1630 iile
193 1565 279 1629 Meet
308 1564 430 1629 dnobus
459 1564 601 1629 tribusne
622 1563 759 1629 testibus
789 1562 884 1626 etiarn
905 1562 1105 1628 idololatren
1127 1564 1240 1646 perire,

113 1670 152 1734 tu
173 1689 230 1733 nee
255 1669 383 1752 quidem
407 1667 599 1733 audientiam
622 1667 759 1732 uolueris
781 1666 925 1748 praeberi
953 1666 1020 1732 uiro
1052 1666 1111 1730 deo
1136 1666 1240 1730 dicato

115 1772 207 1854 eique
229 1790 345 1854 negare
367 1771 472 1837 fecisti
499 1771 704 1849 audientiam,
736 1771 788 1835 eui
817 1770 860 1834 sis
883 1770 1019 1834 traditus
1052 1790 1070 1834 s
1100 1770 1175 1848 deo,
1213 1770 1241 1834 ei

113 1876 168 1940 oui
199 1873 227 1940 si
258 1876 342 1940 iusto
376 1875 556 1940 defendenti
591 1874 767 1953 restiteris,
801 1873 902 1938 morte
931 1874 1010 1938 mori
1048 1874 1153 1938 iussus
1188 1891 1240 1937 ore

65 1994 98 2035 1⁵
113 1978 213 2044 fueris
238 1979 360 2062 Moysi?
405 1979 441 2042 ut
464 1978 546 2044 enirn
570 1977 689 2042 iudicia
711 1975 885 2041 sacerdotis
907 1978 1057 2042 maneant
1078 1976 1241 2053 inuiolata,

115 2081 196 2146 dicit
223 2082 285 2146 sio:
318 2101 490 2165 erenryens
519 2081 666 2146 ascendes
700 2082 737 2144 in
766 2080 868 2144 lecara
896 2099 1088 2162 qaoenrnqae
1117 2080 1243 2162 eleyerit

113 2186 263 2250 dominns
290 2187 365 2250 dens
393 2189 467 2250 tans
493 2185 641 2248 inaoeari
669 2203 782 2248 nornen
810 2184 877 2248 eins
903 2181 959 2248 ibi.
997 2188 1026 2248 et
1055 2183 1177 2264 loquere
1199 2182 1243 2246 ad

114 2289 293 2352 saeerdotes
315 2287 431 2352 tenitas
454 2291 511 2353 ant
532 2288 576 2351 ad
597 2287 742 2368 indicem,
764 2288 951 2370 qaieaneqae
965 2287 1070 2367 foetas
1092 2286 1242 2367 fueritin

114 2390 224 2456 dietas
245 2389 322 2470 iilis,
345 2394 373 2454 et
395 2391 587 2472 requirentes
609 2390 807 2454 nuntiabant
826 2391 884 2454 tibi
906 2391 1063 2455 indieinrn
1092 2393 1121 2453 et
1142 2390 1243 2471 facies

68 2509 101 2550 2⁰
115 2493 292 2560 secandam
321 2514 413 2559 omne
440 2498 657 2576 praeceptam,
691 2493 904 2576 qaodenrnqne
932 2493 1158 2558 nnntianerint
1187 2492 1244 2557 tibi

116 2598 176 2681 qni
198 2602 272 2662 sant
294 2597 332 2661 in
354 2597 416 2662 loeo
430 2597 497 2679 itio,
518 2599 556 2661 in
570 2617 631 2678 qao
645 2597 736 2680 eteyit
750 2597 898 2661 dominns
913 2596 1078 2661 denotans
1093 2596 1243 2659 inneeari

117 2721 234 2767 nomen
255 2698 346 2765 illins
368 2700 423 2785 ibi,
447 2704 477 2766 et
498 2700 629 2765 obserna
651 2703 679 2765 te
700 2699 807 2764 nimis.
830 2700 929 2782 facies
943 2698 1116 2765 seenndnne
1134 2698 1243 2761 omnia

115 2824 330 2888 qaoeenmqne
353 2802 581 2867 constituerant
602 2801 670 2866 tibi.
706 2801 880 2866 seenndnrn
902 2800 998 2883 leyen
1019 2805 1048 2864 et
1069 2800 1243 2865 seenndarn

113 2907 272 2974 indieiam
292 2906 503 2989 qaodenmqne
524 2905 664 2973 dixerint
684 2904 793 2988 facies,
816 2924 882 2969 nen
903 2902 1078 2969 declinabis
1100 2924 1122 2966 a
1147 2903 1242 2967 aerbo

68 3038 101 3081 se
114 3011 330 3093 qaedanmqne
352 3008 579 3073 nuntiaverint
593 3008 661 3090 tibi,
682 3009 783 3090 facies
798 3007 1010 3095 qaedearnqne
1025 3007 1245 3073 indieanerint

116 3113 185 3197 eea,
208 3132 275 3177 non
297 3110 472 3176 destinabis
493 3110 606 3174 aenea
627 3114 686 3174 ant
706 3110 854 3175 sinistra.
897 3113 928 3174 et
947 3110 1037 3175 teneo
1058 3110 1245 3191 qnienneqae

113 3216 223 3298 feeerit
245 3216 283 3279 in
303 3214 464 3298 snperbia,
488 3233 528 3277 ne
549 3212 666 3277 andiat
687 3212 860 3279 sacerdotes
882 3212 1045 3277 adstantes
1066 3213 1175 3295 effieia
1190 3232 1244 3277 ea·

115 3319 222 3384 tibere
253 3319 291 3383 in
320 3318 450 3383 nomine
476 3316 601 3381 domini
628 3315 679 3380 dei
707 3319 767 3379 ant
798 3316 893 3379 indere
925 3316 1113 3397 qaienmqne
1146 3315 1245 3396 faerit

115 3424 155 3489 in
176 3421 282 3488 aiebas
297 3421 375 3506 iilis,
397 3421 551 3485 rnorietar
573 3419 659 3484 torno
681 3418 744 3501 aa,
767 3424 796 3485 et
816 3419 903 3485 toties
925 3419 1046 3486 maiam
1068 3418 1105 3482 de
1129 3417 1244 3491 Israel,

69 3550 102 3591 so
118 3530 150 3592 et
172 3526 276 3589 omnis
292 3522 433 3607 nepnlns
455 3523 592 3589 andiens
613 3521 735 3587 tinebit
755 3526 786 3587 et
806 3542 871 3586 nen
893 3522 990 3602 inpie
1012 3525 1081 3604 ayet
1106 3520 1204 3587 altra.

220 3678 237 3730 4
254 3678 334 3731 Dent.
353 3677 394 3739 17,
414 3677 481 3729 5-7
552 3676 584 3729 16
601 3675 637 3730 ib.
659 3675 699 3738 17,
717 3674 802 3728 8-13

168 3848 231 3901 2in
249 3865 299 3906 ora
318 3848 456 3902 Latinius
543 3844 765 3942 thoceidendfflm
846 3810 996 3943 8maligni
1015 3844 1040 3914 (ἶ
1058 3863 1091 3900 ne.
1111 3847 1175 3912 ree.)

114 3954 151 4009 10
167 3952 302 4023 Moysise
376 3952 406 4005 ll
426 3950 628 4005 idololatrema
698 3964 759 4018 pere
840 3948 1003 4002 inuolues
1022 3952 1039 4017 (¹
1058 3966 1091 4002 m.
1110 3950 1175 4011 ree.)

114 4038 151 4095 13
169 4038 219 4093 deo
238 4038 271 4107 el]
289 4038 396 4107 inquam
413 4036 481 4090 aad.
499 4036 557 4117 ei.
574 4052 609 4090 ne.
626 4051 680 4089 ree.
758 4034 793 4086 14
810 4034 890 4087 eiius
909 4032 932 4086 si
949 4034 1019 4086 insta
1099 4032 1130 4084 15
1148 4030 1247 4100 Moysis

112 4162 131 4199 o
211 4142 244 4196 16
263 4141 406 4224 ascendens
492 4120 652 4225 quintumque
676 4141 702 4207 (t
723 4154 756 4192 m.
777 4138 841 4203 ree.)
914 4137 946 4188 17
964 4134 1069 4205 loquere
1091 4136 1138 4198 Vn,
1157 4136 1247 4188 uenies

114 4261 266 4327 naereses,
284 4256 377 4330 einen
395 4260 482 4314 Lxx
551 4258 585 4311 so
603 4274 706 4343 omnen
776 4257 809 4311 ee
826 4223 905 4342 ruiis}
923 4257 973 4321 ere
992 4274 1025 4309 m.
1044 4257 1108 4322 ree.)
