<?xml version="1.0" encoding="UTF-8"?>
<!DOCTYPE html PUBLIC "-//W3C//DTD XHTML 1.0 Transitional//EN"
    "http://www.w3.org/TR/xhtml1/DTD/xhtml1-transitional.dtd">
<html xmlns="http://www.w3.org/1999/xhtml" xml:lang="en" lang="en">
 <head>
  <title>
</title>
<meta http-equiv="Content-Type" content="text/html;charset=utf-8" />
  <meta name='ocr-system' content='tesseract 3.04.00' />
  <meta name='ocr-capabilities' content='ocr_page ocr_carea ocr_par ocr_line ocrx_word'/>
</head>
<body>
  <div class='ocr_page' id='page_1' title='image "./corpusscriptoru03wissgoog_0211.png"; bbox 0 0 3050 5000; ppageno 0'>
   <div class='ocr_carea' id='block_1_1' title="bbox 326 401 964 473">
    <p class='ocr_par' dir='ltr' id='par_1_1' title="bbox 326 401 964 473">
     <span class='ocr_line' id='line_1_1' title="bbox 326 401 964 473; baseline -0.002 -15"><span class='ocrx_word' id='word_1_1' title='bbox 326 401 385 473; x_wconf 57' lang='lat'><strong>169</strong></span> <span class='ocrx_word' id='word_1_2' title='bbox 814 404 964 459; x_wconf 77' lang='lat' dir='ltr'><strong>Luciferi</strong></span> 
     </span>
    </p>
   </div>
   <div class='ocr_carea' id='block_1_2' title="bbox 270 590 1483 3563">
    <p class='ocr_par' dir='ltr' id='par_1_2' title="bbox 270 590 1483 3563">
     <span class='ocr_line' id='line_1_2' title="bbox 322 590 1464 673; baseline -0.007 -13"><span class='ocrx_word' id='word_1_3' title='bbox 322 596 538 673; x_wconf 79' lang='lat' dir='ltr'><strong>Athanasium,</strong></span> <span class='ocrx_word' id='word_1_4' title='bbox 562 612 619 658; x_wconf 90' lang='lat' dir='ltr'><strong>cnr</strong></span> <span class='ocrx_word' id='word_1_5' title='bbox 641 596 792 661; x_wconf 79' lang='lat' dir='ltr'><strong>Annianus</strong></span> <span class='ocrx_word' id='word_1_6' title='bbox 816 614 885 661; x_wconf 88' lang='lat' dir='ltr'><strong>esse</strong></span> <span class='ocrx_word' id='word_1_7' title='bbox 909 595 1056 673; x_wconf 88' lang='lat' dir='ltr'><strong>noluerit,</strong></span> <span class='ocrx_word' id='word_1_8' title='bbox 1078 593 1207 659; x_wconf 86' lang='lat' dir='ltr'><strong>miseris</strong></span> <span class='ocrx_word' id='word_1_9' title='bbox 1241 590 1289 657; x_wconf 91' lang='lat' dir='ltr'><strong>ad</strong></span> <span class='ocrx_word' id='word_1_10' title='bbox 1322 592 1464 655; x_wconf 75' lang='lat' dir='ltr'><strong>erilium?</strong></span> 
     </span>
     <span class='ocr_line' id='line_1_3' title="bbox 322 696 1462 780; baseline -0.004 -16"><span class='ocrx_word' id='word_1_11' title='bbox 322 701 377 764; x_wconf 89' lang='lat' dir='ltr'><strong>aut</strong></span> <span class='ocrx_word' id='word_1_12' title='bbox 399 701 427 764; x_wconf 89' lang='lat' dir='ltr'><strong>si</strong></span> <span class='ocrx_word' id='word_1_13' title='bbox 449 717 510 764; x_wconf 93' lang='lat' dir='ltr'><strong>non</strong></span> <span class='ocrx_word' id='word_1_14' title='bbox 535 700 584 763; x_wconf 91' lang='lat' dir='ltr'><strong>cst</strong></span> <span class='ocrx_word' id='word_1_15' title='bbox 606 698 791 775; x_wconf 81' lang='lat' dir='ltr'><strong>Auxentius,</strong></span> <span class='ocrx_word' id='word_1_16' title='bbox 816 717 909 780; x_wconf 88' lang='lat' dir='ltr'><strong>quem</strong></span> <span class='ocrx_word' id='word_1_17' title='bbox 931 698 1001 763; x_wconf 91' lang='lat' dir='ltr'><strong>loco</strong></span> <span class='ocrx_word' id='word_1_18' title='bbox 1023 696 1111 763; x_wconf 90' lang='lat' dir='ltr'><strong>iliius</strong></span> <span class='ocrx_word' id='word_1_19' title='bbox 1132 699 1169 761; x_wconf 91' lang='lat' dir='ltr'><strong>tu</strong></span> <span class='ocrx_word' id='word_1_20' title='bbox 1199 696 1411 762; x_wconf 88' lang='lat' dir='ltr'><strong>temerarius</strong></span> <span class='ocrx_word' id='word_1_21' title='bbox 1435 716 1462 760; x_wconf 86' lang='lat' dir='ltr'><strong>ac</strong></span> 
     </span>
     <span class='ocr_line' id='line_1_4' title="bbox 270 800 1462 885; baseline -0.009 -12"><span class='ocrx_word' id='word_1_22' title='bbox 270 858 301 873; x_wconf 76' lang='grc'><strong>,-</strong></span> <span class='ocrx_word' id='word_1_23' title='bbox 319 803 474 885; x_wconf 76' lang='lat' dir='ltr'><strong>pestilens</strong></span> <span class='ocrx_word' id='word_1_24' title='bbox 498 800 649 867; x_wconf 73' lang='lat' dir='ltr'><strong>ordinasti</strong></span> <span class='ocrx_word' id='word_1_25' title='bbox 665 801 838 865; x_wconf 79' lang='lat' dir='ltr'><strong>Arrianus?</strong></span> <span class='ocrx_word' id='word_1_26' title='bbox 861 802 888 865; x_wconf 89' lang='lat' dir='ltr'><strong>si</strong></span> <span class='ocrx_word' id='word_1_27' title='bbox 904 802 1079 868; x_wconf 82' lang='lat' dir='ltr'><strong>Auxentius</strong></span> <span class='ocrx_word' id='word_1_28' title='bbox 1094 800 1194 867; x_wconf 87' lang='lat' dir='ltr'><strong>fidem</strong></span> <span class='ocrx_word' id='word_1_29' title='bbox 1210 802 1375 867; x_wconf 88' lang='lat' dir='ltr'><strong>sanctam</strong></span> <span class='ocrx_word' id='word_1_30' title='bbox 1393 802 1462 882; x_wconf 86' lang='lat' dir='ltr'><strong>apud</strong></span> 
     </span>
     <span class='ocr_line' id='line_1_5' title="bbox 321 903 1462 991; baseline -0.003 -22"><span class='ocrx_word' id='word_1_31' title='bbox 321 906 447 970; x_wconf 87' lang='lat' dir='ltr'><strong>Niciam</strong></span> <span class='ocrx_word' id='word_1_32' title='bbox 471 904 664 986; x_wconf 78' lang='lat' dir='ltr'><strong>descriptam</strong></span> <span class='ocrx_word' id='word_1_33' title='bbox 690 904 788 981; x_wconf 87' lang='lat' dir='ltr'><strong>tenet,</strong></span> <span class='ocrx_word' id='word_1_34' title='bbox 817 904 935 986; x_wconf 89' lang='lat' dir='ltr'><strong>poteris</strong></span> <span class='ocrx_word' id='word_1_35' title='bbox 955 924 1015 991; x_wconf 82' lang='lat' dir='ltr'><strong>pec</strong></span> <span class='ocrx_word' id='word_1_36' title='bbox 1042 906 1079 971; x_wconf 89' lang='lat' dir='ltr'><strong>tu</strong></span> <span class='ocrx_word' id='word_1_37' title='bbox 1108 924 1179 969; x_wconf 88' lang='lat' dir='ltr'><strong>csse</strong></span> <span class='ocrx_word' id='word_1_38' title='bbox 1203 903 1387 979; x_wconf 88' lang='lat' dir='ltr'><strong>Arrianus,</strong></span> <span class='ocrx_word' id='word_1_39' title='bbox 1416 924 1462 967; x_wconf 90' lang='lat' dir='ltr'><strong>nec</strong></span> 
     </span>
     <span class='ocr_line' id='line_1_6' title="bbox 322 1007 1483 1091; baseline -0.002 -19"><span class='ocrx_word' id='word_1_40' title='bbox 322 1011 400 1072; x_wconf 90' lang='lat' dir='ltr'><strong>hacc</strong></span> <span class='ocrx_word' id='word_1_41' title='bbox 426 1008 530 1073; x_wconf 85' lang='lat' dir='ltr'><strong>omnis</strong></span> <span class='ocrx_word' id='word_1_42' title='bbox 553 1008 636 1072; x_wconf 90' lang='lat' dir='ltr'><strong>sicut</strong></span> <span class='ocrx_word' id='word_1_43' title='bbox 658 1007 770 1071; x_wconf 88' lang='lat' dir='ltr'><strong>adsero</strong></span> <span class='ocrx_word' id='word_1_44' title='bbox 794 1007 897 1090; x_wconf 83' lang='lat' dir='ltr'><strong>egisse</strong></span> <span class='ocrx_word' id='word_1_45' title='bbox 919 1009 1037 1091; x_wconf 88' lang='lat' dir='ltr'><strong>poteris</strong></span> <span class='ocrx_word' id='word_1_46' title='bbox 1061 1010 1093 1072; x_wconf 92' lang='lat' dir='ltr'><strong>et</strong></span> <span class='ocrx_word' id='word_1_47' title='bbox 1115 1027 1177 1073; x_wconf 96' lang='lat' dir='ltr'><strong>non</strong></span> <span class='ocrx_word' id='word_1_48' title='bbox 1193 1008 1339 1073; x_wconf 85' lang='lat' dir='ltr'><strong>misisse</strong></span> <span class='ocrx_word' id='word_1_49' title='bbox 1356 1007 1483 1071; x_wconf 79' lang='lat' dir='ltr'><strong>crimen⁵</strong></span> 
     </span>
     <span class='ocr_line' id='line_1_7' title="bbox 323 1109 1459 1177; baseline -0.001 -1"><span class='ocrx_word' id='word_1_50' title='bbox 323 1113 498 1176; x_wconf 80' lang='lat' dir='ltr'><strong>Athanasio</strong></span> <span class='ocrx_word' id='word_1_51' title='bbox 520 1111 646 1175; x_wconf 84' lang='lat' dir='ltr'><strong>falsum.</strong></span> <span class='ocrx_word' id='word_1_52' title='bbox 691 1109 835 1175; x_wconf 85' lang='lat' dir='ltr'><strong>fortassis</strong></span> <span class='ocrx_word' id='word_1_53' title='bbox 865 1111 953 1176; x_wconf 88' lang='lat' dir='ltr'><strong>dicas</strong></span> <span class='ocrx_word' id='word_1_54' title='bbox 981 1112 1052 1177; x_wconf 93' lang='lat' dir='ltr'><strong>hinc</strong></span> <span class='ocrx_word' id='word_1_55' title='bbox 1081 1130 1139 1177; x_wconf 88' lang='lat' dir='ltr'><strong>uos</strong></span> <span class='ocrx_word' id='word_1_56' title='bbox 1168 1130 1244 1177; x_wconf 86' lang='lat' dir='ltr'><strong>esso</strong></span> <span class='ocrx_word' id='word_1_57' title='bbox 1278 1110 1459 1175; x_wconf 86' lang='lat' dir='ltr'><strong>catholicos.</strong></span> 
     </span>
     <span class='ocr_line' id='line_1_8' title="bbox 323 1212 1460 1298; baseline -0.002 -20"><span class='ocrx_word' id='word_1_58' title='bbox 323 1214 407 1297; x_wconf 88' lang='lat' dir='ltr'><strong>quod</strong></span> <span class='ocrx_word' id='word_1_59' title='bbox 431 1213 577 1279; x_wconf 84' lang='lat' dir='ltr'><strong>Susanna</strong></span> <span class='ocrx_word' id='word_1_60' title='bbox 591 1212 687 1277; x_wconf 86' lang='lat' dir='ltr'><strong>fuerit</strong></span> <span class='ocrx_word' id='word_1_61' title='bbox 702 1212 859 1290; x_wconf 83' lang='lat' dir='ltr'><strong>exaudita,</strong></span> <span class='ocrx_word' id='word_1_62' title='bbox 876 1233 933 1279; x_wconf 88' lang='lat' dir='ltr'><strong>nos</strong></span> <span class='ocrx_word' id='word_1_63' title='bbox 949 1232 1024 1279; x_wconf 89' lang='lat' dir='ltr'><strong>uero</strong></span> <span class='ocrx_word' id='word_1_64' title='bbox 1042 1214 1182 1279; x_wconf 89' lang='lat' dir='ltr'><strong>minime.</strong></span> <span class='ocrx_word' id='word_1_65' title='bbox 1201 1216 1374 1298; x_wconf 87' lang='lat' dir='ltr'><strong>quantum</strong></span> <span class='ocrx_word' id='word_1_66' title='bbox 1391 1214 1460 1296; x_wconf 90' lang='lat' dir='ltr'><strong>apud</strong></span> 
     </span>
     <span class='ocr_line' id='line_1_9' title="bbox 322 1317 1459 1400; baseline -0.001 -19"><span class='ocrx_word' id='word_1_67' title='bbox 322 1320 462 1383; x_wconf 85' lang='lat' dir='ltr'><strong>nostram</strong></span> <span class='ocrx_word' id='word_1_68' title='bbox 478 1318 704 1382; x_wconf 88' lang='lat' dir='ltr'><strong>conscientiam</strong></span> <span class='ocrx_word' id='word_1_69' title='bbox 721 1319 779 1395; x_wconf 84' lang='lat' dir='ltr'><strong>est,</strong></span> <span class='ocrx_word' id='word_1_70' title='bbox 794 1319 869 1382; x_wconf 88' lang='lat' dir='ltr'><strong>tunc</strong></span> <span class='ocrx_word' id='word_1_71' title='bbox 886 1337 943 1384; x_wconf 89' lang='lat' dir='ltr'><strong>nos</strong></span> <span class='ocrx_word' id='word_1_72' title='bbox 958 1318 1137 1385; x_wconf 89' lang='lat' dir='ltr'><strong>uindicatos</strong></span> <span class='ocrx_word' id='word_1_73' title='bbox 1154 1319 1328 1395; x_wconf 87' lang='lat' dir='ltr'><strong>nouimus,</strong></span> <span class='ocrx_word' id='word_1_74' title='bbox 1348 1317 1459 1400; x_wconf 87' lang='lat' dir='ltr'><strong>qnando</strong></span> 
     </span>
     <span class='ocr_line' id='line_1_10' title="bbox 320 1420 1459 1504; baseline -0.001 -19"><span class='ocrx_word' id='word_1_75' title='bbox 320 1424 356 1485; x_wconf 90' lang='lat' dir='ltr'><strong>tu</strong></span> <span class='ocrx_word' id='word_1_76' title='bbox 382 1440 510 1503; x_wconf 89' lang='lat' dir='ltr'><strong>serpens</strong></span> <span class='ocrx_word' id='word_1_77' title='bbox 525 1420 705 1502; x_wconf 85' lang='lat' dir='ltr'><strong>publicatus</strong></span> <span class='ocrx_word' id='word_1_78' title='bbox 727 1440 771 1496; x_wconf 81' lang='lat' dir='ltr'><strong>es,</strong></span> <span class='ocrx_word' id='word_1_79' title='bbox 789 1421 914 1503; x_wconf 80' lang='lat' dir='ltr'><strong>quando</strong></span> <span class='ocrx_word' id='word_1_80' title='bbox 929 1422 1101 1504; x_wconf 86' lang='lat' dir='ltr'><strong>patuerunt</strong></span> <span class='ocrx_word' id='word_1_81' title='bbox 1115 1422 1236 1485; x_wconf 92' lang='lat' dir='ltr'><strong>cuncta</strong></span> <span class='ocrx_word' id='word_1_82' title='bbox 1254 1440 1391 1485; x_wconf 92' lang='lat' dir='ltr'><strong>uenena</strong></span> <span class='ocrx_word' id='word_1_83' title='bbox 1407 1422 1459 1492; x_wconf 87' lang='lat' dir='ltr'><strong>tua</strong></span> 
     </span>
     <span class='ocr_line' id='line_1_11' title="bbox 323 1523 1480 1606; baseline 0 -19"><span class='ocrx_word' id='word_1_84' title='bbox 323 1523 451 1606; x_wconf 88' lang='lat' dir='ltr'><strong>qnando</strong></span> <span class='ocrx_word' id='word_1_85' title='bbox 473 1524 573 1587; x_wconf 89' lang='lat' dir='ltr'><strong>omnis</strong></span> <span class='ocrx_word' id='word_1_86' title='bbox 595 1523 742 1587; x_wconf 85' lang='lat' dir='ltr'><strong>machina</strong></span> <span class='ocrx_word' id='word_1_87' title='bbox 762 1524 821 1587; x_wconf 92' lang='lat' dir='ltr'><strong>tua</strong></span> <span class='ocrx_word' id='word_1_88' title='bbox 841 1524 1003 1606; x_wconf 84' lang='lat' dir='ltr'><strong>patefacta</strong></span> <span class='ocrx_word' id='word_1_89' title='bbox 1020 1526 1083 1599; x_wconf 72' lang='lat' dir='ltr'><strong>est:</strong></span> <span class='ocrx_word' id='word_1_90' title='bbox 1108 1526 1152 1589; x_wconf 92' lang='lat' dir='ltr'><strong>sic</strong></span> <span class='ocrx_word' id='word_1_91' title='bbox 1178 1526 1308 1589; x_wconf 89' lang='lat' dir='ltr'><strong>etenim</strong></span> <span class='ocrx_word' id='word_1_92' title='bbox 1326 1544 1388 1589; x_wconf 89' lang='lat' dir='ltr'><strong>nos</strong></span> <span class='ocrx_word' id='word_1_93' title='bbox 1403 1526 1480 1587; x_wconf 71' lang='lat' dir='ltr'><strong>nin-f·</strong></span> 
     </span>
     <span class='ocr_line' id='line_1_12' title="bbox 323 1626 1457 1705; baseline -0.001 -14"><span class='ocrx_word' id='word_1_94' title='bbox 323 1628 443 1692; x_wconf 90' lang='lat' dir='ltr'><strong>dictam</strong></span> <span class='ocrx_word' id='word_1_95' title='bbox 466 1626 725 1691; x_wconf 83' lang='lat' dir='ltr'><strong>desiderabamus</strong></span> <span class='ocrx_word' id='word_1_96' title='bbox 749 1627 789 1691; x_wconf 91' lang='lat' dir='ltr'><strong>de</strong></span> <span class='ocrx_word' id='word_1_97' title='bbox 813 1628 903 1692; x_wconf 89' lang='lat' dir='ltr'><strong>uobis</strong></span> <span class='ocrx_word' id='word_1_98' title='bbox 921 1628 1057 1693; x_wconf 86' lang='lat' dir='ltr'><strong>inimicis</strong></span> <span class='ocrx_word' id='word_1_99' title='bbox 1085 1627 1145 1705; x_wconf 90' lang='lat' dir='ltr'><strong>dei,</strong></span> <span class='ocrx_word' id='word_1_100' title='bbox 1163 1630 1201 1692; x_wconf 87' lang='lat' dir='ltr'><strong>ut</strong></span> <span class='ocrx_word' id='word_1_101' title='bbox 1215 1648 1282 1693; x_wconf 92' lang='lat' dir='ltr'><strong>uos</strong></span> <span class='ocrx_word' id='word_1_102' title='bbox 1301 1628 1388 1692; x_wconf 88' lang='lat' dir='ltr'><strong>deus</strong></span> <span class='ocrx_word' id='word_1_103' title='bbox 1404 1646 1457 1691; x_wconf 86' lang='lat' dir='ltr'><strong>esse</strong></span> 
     </span>
     <span class='ocr_line' id='line_1_13' title="bbox 323 1729 1458 1814; baseline 0 -21"><span class='ocrx_word' id='word_1_104' title='bbox 323 1730 500 1795; x_wconf 85' lang='lat' dir='ltr'><strong>haereticos</strong></span> <span class='ocrx_word' id='word_1_105' title='bbox 522 1729 681 1793; x_wconf 86' lang='lat' dir='ltr'><strong>reuelaret</strong></span> <span class='ocrx_word' id='word_1_106' title='bbox 701 1729 816 1811; x_wconf 92' lang='lat' dir='ltr'><strong>populo</strong></span> <span class='ocrx_word' id='word_1_107' title='bbox 846 1749 912 1795; x_wconf 91' lang='lat' dir='ltr'><strong>suo.</strong></span> <span class='ocrx_word' id='word_1_108' title='bbox 958 1731 1059 1796; x_wconf 89' lang='lat' dir='ltr'><strong>omnis</strong></span> <span class='ocrx_word' id='word_1_109' title='bbox 1087 1750 1188 1814; x_wconf 87' lang='lat' dir='ltr'><strong>paene</strong></span> <span class='ocrx_word' id='word_1_110' title='bbox 1215 1732 1382 1814; x_wconf 83' lang='lat' dir='ltr'><strong>cognouit</strong></span> <span class='ocrx_word' id='word_1_111' title='bbox 1409 1732 1458 1794; x_wconf 89' lang='lat' dir='ltr'><strong>iam</strong></span> 
     </span>
     <span class='ocr_line' id='line_1_14' title="bbox 322 1831 1459 1919; baseline -0.001 -22"><span class='ocrx_word' id='word_1_112' title='bbox 322 1833 459 1897; x_wconf 88' lang='lat' dir='ltr'><strong>mundus</strong></span> <span class='ocrx_word' id='word_1_113' title='bbox 481 1831 562 1896; x_wconf 86' lang='lat' dir='ltr'><strong>false</strong></span> <span class='ocrx_word' id='word_1_114' title='bbox 585 1832 792 1897; x_wconf 79' lang='lat' dir='ltr'><strong>Athanasium</strong></span> <span class='ocrx_word' id='word_1_115' title='bbox 815 1833 948 1915; x_wconf 88' lang='lat' dir='ltr'><strong>petitum</strong></span> <span class='ocrx_word' id='word_1_116' title='bbox 976 1852 1032 1916; x_wconf 87' lang='lat' dir='ltr'><strong>per</strong></span> <span class='ocrx_word' id='word_1_117' title='bbox 1060 1852 1127 1911; x_wconf 85' lang='lat' dir='ltr'><strong>uos,</strong></span> <span class='ocrx_word' id='word_1_118' title='bbox 1158 1834 1257 1899; x_wconf 86' lang='lat' dir='ltr'><strong>huius</strong></span> <span class='ocrx_word' id='word_1_119' title='bbox 1293 1836 1373 1919; x_wconf 87' lang='lat' dir='ltr'><strong>&lt;te&gt;</strong></span> <span class='ocrx_word' id='word_1_120' title='bbox 1404 1852 1459 1897; x_wconf 87' lang='lat' dir='ltr'><strong>esse</strong></span> 
     </span>
     <span class='ocr_line' id='line_1_15' title="bbox 322 1935 1459 2019; baseline 0 -20"><span class='ocrx_word' id='word_1_121' title='bbox 322 1935 499 2017; x_wconf 86' lang='lat' dir='ltr'><strong>iniquitatis</strong></span> <span class='ocrx_word' id='word_1_122' title='bbox 522 1937 698 2009; x_wconf 68' lang='lat' dir='ltr'><strong>auctorem</strong></span> <span class='ocrx_word' id='word_1_123' title='bbox 722 1936 909 2017; x_wconf 87' lang='lat' dir='ltr'><strong>conspectus</strong></span> <span class='ocrx_word' id='word_1_124' title='bbox 934 1938 1049 2001; x_wconf 89' lang='lat' dir='ltr'><strong>etenim</strong></span> <span class='ocrx_word' id='word_1_125' title='bbox 1074 1956 1106 2002; x_wconf 91' lang='lat' dir='ltr'><strong>es</strong></span> <span class='ocrx_word' id='word_1_126' title='bbox 1124 1938 1212 2001; x_wconf 90' lang='lat' dir='ltr'><strong>alind</strong></span> <span class='ocrx_word' id='word_1_127' title='bbox 1227 1938 1265 2003; x_wconf 88' lang='lat' dir='ltr'><strong>te</strong></span> <span class='ocrx_word' id='word_1_128' title='bbox 1284 1938 1459 2019; x_wconf 78' lang='lat' dir='ltr'><strong>cupienten</strong></span> 
     </span>
     <span class='ocr_line' id='line_1_16' title="bbox 322 2038 1479 2124; baseline -0.001 -21"><span class='ocrx_word' id='word_1_129' title='bbox 322 2039 470 2124; x_wconf 85' lang='lat' dir='ltr'><strong>implere,</strong></span> <span class='ocrx_word' id='word_1_130' title='bbox 511 2038 598 2103; x_wconf 87' lang='lat' dir='ltr'><strong>aliud</strong></span> <span class='ocrx_word' id='word_1_131' title='bbox 633 2038 812 2120; x_wconf 86' lang='lat' dir='ltr'><strong>protulisse.</strong></span> <span class='ocrx_word' id='word_1_132' title='bbox 860 2040 900 2103; x_wconf 89' lang='lat' dir='ltr'><strong>ed</strong></span> <span class='ocrx_word' id='word_1_133' title='bbox 936 2040 1087 2122; x_wconf 90' lang='lat' dir='ltr'><strong>populum</strong></span> <span class='ocrx_word' id='word_1_134' title='bbox 1121 2041 1359 2123; x_wconf 82' lang='lat' dir='ltr'><strong>ingemescens</strong></span> <span class='ocrx_word' id='word_1_135' title='bbox 1396 2040 1479 2103; x_wconf 70' lang='lat' dir='ltr'><strong>dicitLi</strong></span> 
     </span>
     <span class='ocr_line' id='line_1_17' title="bbox 323 2141 1458 2228; baseline 0.002 -22"><span class='ocrx_word' id='word_1_136' title='bbox 323 2141 485 2207; x_wconf 87' lang='lat' dir='ltr'><strong>Susanna:</strong></span> <span class='ocrx_word' id='word_1_137' title='bbox 520 2144 688 2225; x_wconf 65' lang='lat' dir='ltr'><strong>aspediae</strong></span> <span class='ocrx_word' id='word_1_138' title='bbox 707 2143 788 2205; x_wconf 78' lang='lat' dir='ltr'><strong>mihi</strong></span> <span class='ocrx_word' id='word_1_139' title='bbox 810 2144 968 2225; x_wconf 60' lang='lat' dir='ltr'><strong>undique·</strong></span> <span class='ocrx_word' id='word_1_140' title='bbox 996 2146 1025 2209; x_wconf 80' lang='lat' dir='ltr'><strong>ei</strong></span> <span class='ocrx_word' id='word_1_141' title='bbox 1054 2146 1140 2209; x_wconf 81' lang='lat' dir='ltr'><strong>caim</strong></span> <span class='ocrx_word' id='word_1_142' title='bbox 1166 2145 1223 2209; x_wconf 81' lang='lat' dir='ltr'><strong>hoe</strong></span> <span class='ocrx_word' id='word_1_143' title='bbox 1241 2165 1355 2228; x_wconf 71' lang='lat' dir='ltr'><strong>spero,</strong></span> <span class='ocrx_word' id='word_1_144' title='bbox 1388 2165 1458 2208; x_wconf 81' lang='lat' dir='ltr'><strong>mors</strong></span> 
     </span>
     <span class='ocr_line' id='line_1_18' title="bbox 322 2245 1456 2331; baseline 0.002 -23"><span class='ocrx_word' id='word_1_145' title='bbox 322 2245 404 2308; x_wconf 71' lang='lat' dir='ltr'><strong>mehe·</strong></span> <span class='ocrx_word' id='word_1_146' title='bbox 425 2246 496 2310; x_wconf 78' lang='lat' dir='ltr'><strong>erit.</strong></span> <span class='ocrx_word' id='word_1_147' title='bbox 521 2246 550 2309; x_wconf 80' lang='lat' dir='ltr'><strong>si</strong></span> <span class='ocrx_word' id='word_1_148' title='bbox 572 2250 678 2309; x_wconf 80' lang='lat' dir='ltr'><strong>actem</strong></span> <span class='ocrx_word' id='word_1_149' title='bbox 699 2265 764 2310; x_wconf 79' lang='lat' dir='ltr'><strong>noc</strong></span> <span class='ocrx_word' id='word_1_150' title='bbox 785 2246 894 2329; x_wconf 78' lang='lat' dir='ltr'><strong>fecero,</strong></span> <span class='ocrx_word' id='word_1_151' title='bbox 917 2268 984 2311; x_wconf 78' lang='lat' dir='ltr'><strong>coc</strong></span> <span class='ocrx_word' id='word_1_152' title='bbox 1005 2248 1158 2331; x_wconf 74' lang='lat' dir='ltr'><strong>effcpicm</strong></span> <span class='ocrx_word' id='word_1_153' title='bbox 1179 2268 1307 2313; x_wconf 80' lang='lat' dir='ltr'><strong>manus</strong></span> <span class='ocrx_word' id='word_1_154' title='bbox 1332 2256 1456 2314; x_wconf 75' lang='lat' dir='ltr'><strong>uestras</strong></span> 
     </span>
     <span class='ocr_line' id='line_1_19' title="bbox 322 2348 1457 2433; baseline 0.001 -20"><span class='ocrx_word' id='word_1_155' title='bbox 322 2349 436 2413; x_wconf 72' lang='lat' dir='ltr'><strong>cretius</strong></span> <span class='ocrx_word' id='word_1_156' title='bbox 457 2352 502 2412; x_wconf 83' lang='lat' dir='ltr'><strong>est</strong></span> <span class='ocrx_word' id='word_1_157' title='bbox 525 2348 605 2411; x_wconf 82' lang='lat' dir='ltr'><strong>mihi</strong></span> <span class='ocrx_word' id='word_1_158' title='bbox 626 2367 694 2412; x_wconf 79' lang='lat' dir='ltr'><strong>non</strong></span> <span class='ocrx_word' id='word_1_159' title='bbox 715 2349 847 2429; x_wconf 62' lang='lat' dir='ltr'><strong>facienti</strong></span> <span class='ocrx_word' id='word_1_160' title='bbox 870 2350 1007 2415; x_wconf 69' lang='lat' dir='ltr'><strong>incedere</strong></span> <span class='ocrx_word' id='word_1_161' title='bbox 1028 2352 1066 2414; x_wconf 79' lang='lat' dir='ltr'><strong>ic</strong></span> <span class='ocrx_word' id='word_1_162' title='bbox 1087 2370 1206 2415; x_wconf 75' lang='lat' dir='ltr'><strong>mcccc</strong></span> <span class='ocrx_word' id='word_1_163' title='bbox 1221 2357 1359 2416; x_wconf 75' lang='lat' dir='ltr'><strong>uestras</strong></span> <span class='ocrx_word' id='word_1_164' title='bbox 1375 2373 1457 2433; x_wconf 67' lang='lat' dir='ltr'><strong>ptam</strong></span> 
     </span>
     <span class='ocr_line' id='line_1_20' title="bbox 317 2452 1456 2534; baseline 0.003 -18"><span class='ocrx_word' id='word_1_165' title='bbox 317 2472 451 2534; x_wconf 81' lang='lat' dir='ltr'><strong>peccare</strong></span> <span class='ocrx_word' id='word_1_166' title='bbox 465 2452 503 2515; x_wconf 80' lang='lat' dir='ltr'><strong>ic</strong></span> <span class='ocrx_word' id='word_1_167' title='bbox 518 2456 681 2534; x_wconf 73' lang='lat' dir='ltr'><strong>cccccpcctc</strong></span> <span class='ocrx_word' id='word_1_168' title='bbox 696 2452 830 2518; x_wconf 72' lang='lat' dir='ltr'><strong>domim.</strong></span> <span class='ocrx_word' id='word_1_169' title='bbox 856 2453 888 2518; x_wconf 91' lang='lat' dir='ltr'><strong>et</strong></span> <span class='ocrx_word' id='word_1_170' title='bbox 902 2472 958 2519; x_wconf 88' lang='lat' dir='ltr'><strong>nos</strong></span> <span class='ocrx_word' id='word_1_171' title='bbox 978 2452 1110 2519; x_wconf 90' lang='lat' dir='ltr'><strong>crimina</strong></span> <span class='ocrx_word' id='word_1_172' title='bbox 1124 2473 1196 2521; x_wconf 81' lang='lat' dir='ltr'><strong>mox</strong></span> <span class='ocrx_word' id='word_1_173' title='bbox 1211 2456 1249 2520; x_wconf 90' lang='lat' dir='ltr'><strong>ut</strong></span> <span class='ocrx_word' id='word_1_174' title='bbox 1265 2456 1456 2522; x_wconf 87' lang='lat' dir='ltr'><strong>uidissemus</strong></span> 
     </span>
     <span class='ocr_line' id='line_1_21' title="bbox 321 2555 1477 2643; baseline 0.006 -25"><span class='ocrx_word' id='word_1_175' title='bbox 321 2555 459 2636; x_wconf 88' lang='lat' dir='ltr'><strong>inposita</strong></span> <span class='ocrx_word' id='word_1_176' title='bbox 483 2573 503 2617; x_wconf 87' lang='lat' dir='ltr'><strong>a</strong></span> <span class='ocrx_word' id='word_1_177' title='bbox 525 2555 625 2632; x_wconf 85' lang='lat' dir='ltr'><strong>nohis,</strong></span> <span class='ocrx_word' id='word_1_178' title='bbox 656 2555 839 2620; x_wconf 85' lang='lat' dir='ltr'><strong>exstincturi</strong></span> <span class='ocrx_word' id='word_1_179' title='bbox 873 2575 997 2622; x_wconf 89' lang='lat' dir='ltr'><strong>eremus</strong></span> <span class='ocrx_word' id='word_1_180' title='bbox 1025 2557 1110 2624; x_wconf 89' lang='lat' dir='ltr'><strong>faces</strong></span> <span class='ocrx_word' id='word_1_181' title='bbox 1142 2560 1283 2636; x_wconf 85' lang='lat' dir='ltr'><strong>nostras,</strong></span> <span class='ocrx_word' id='word_1_182' title='bbox 1316 2561 1477 2643; x_wconf 79' lang='lat' dir='ltr'><strong>quonian’</strong></span> 
     </span>
     <span class='ocr_line' id='line_1_22' title="bbox 324 2657 1456 2742; baseline 0.004 -22"><span class='ocrx_word' id='word_1_183' title='bbox 324 2669 467 2720; x_wconf 85' lang='lat' dir='ltr'><strong>essemus</strong></span> <span class='ocrx_word' id='word_1_184' title='bbox 490 2658 526 2720; x_wconf 90' lang='lat' dir='ltr'><strong>ut</strong></span> <span class='ocrx_word' id='word_1_185' title='bbox 556 2657 631 2722; x_wconf 88' lang='lat' dir='ltr'><strong>estis</strong></span> <span class='ocrx_word' id='word_1_186' title='bbox 659 2675 717 2722; x_wconf 92' lang='lat' dir='ltr'><strong>uos</strong></span> <span class='ocrx_word' id='word_1_187' title='bbox 744 2659 904 2723; x_wconf 87' lang='lat' dir='ltr'><strong>tenebrae.</strong></span> <span class='ocrx_word' id='word_1_188' title='bbox 951 2661 1021 2742; x_wconf 90' lang='lat' dir='ltr'><strong>quis</strong></span> <span class='ocrx_word' id='word_1_189' title='bbox 1051 2661 1249 2728; x_wconf 83' lang='lat' dir='ltr'><strong>Christianus</strong></span> <span class='ocrx_word' id='word_1_190' title='bbox 1283 2681 1353 2727; x_wconf 91' lang='lat' dir='ltr'><strong>non</strong></span> <span class='ocrx_word' id='word_1_191' title='bbox 1386 2663 1456 2727; x_wconf 84' lang='lat' dir='ltr'><strong>dicet</strong></span> 
     </span>
     <span class='ocr_line' id='line_1_23' title="bbox 321 2759 1456 2849; baseline 0.006 -27"><span class='ocrx_word' id='word_1_192' title='bbox 321 2759 441 2823; x_wconf 90' lang='lat' dir='ltr'><strong>melius</strong></span> <span class='ocrx_word' id='word_1_193' title='bbox 466 2779 536 2824; x_wconf 89' lang='lat' dir='ltr'><strong>esso</strong></span> <span class='ocrx_word' id='word_1_194' title='bbox 559 2759 619 2824; x_wconf 89' lang='lat' dir='ltr'><strong>sibi</strong></span> <span class='ocrx_word' id='word_1_195' title='bbox 640 2759 775 2825; x_wconf 91' lang='lat' dir='ltr'><strong>interfici</strong></span> <span class='ocrx_word' id='word_1_196' title='bbox 803 2780 822 2825; x_wconf 90' lang='lat' dir='ltr'><strong>a</strong></span> <span class='ocrx_word' id='word_1_197' title='bbox 848 2762 880 2826; x_wconf 91' lang='lat' dir='ltr'><strong>te</strong></span> <span class='ocrx_word' id='word_1_198' title='bbox 910 2781 1114 2845; x_wconf 89' lang='lat' dir='ltr'><strong>praecursore</strong></span> <span class='ocrx_word' id='word_1_199' title='bbox 1144 2765 1343 2842; x_wconf 83' lang='lat' dir='ltr'><strong>antichristi,</strong></span> <span class='ocrx_word' id='word_1_200' title='bbox 1376 2787 1456 2849; x_wconf 86' lang='lat' dir='ltr'><strong>quen</strong></span> 
     </span>
     <span class='ocr_line' id='line_1_24' title="bbox 323 2863 1455 2948; baseline 0.007 -23"><span class='ocrx_word' id='word_1_201' title='bbox 323 2863 355 2926; x_wconf 92' lang='lat' dir='ltr'><strong>in</strong></span> <span class='ocrx_word' id='word_1_202' title='bbox 379 2863 503 2927; x_wconf 71' lang='lat' dir='ltr'><strong>nestas</strong></span> <span class='ocrx_word' id='word_1_203' title='bbox 525 2865 572 2927; x_wconf 91' lang='lat' dir='ltr'><strong>ire</strong></span> <span class='ocrx_word' id='word_1_204' title='bbox 596 2865 799 2930; x_wconf 85' lang='lat' dir='ltr'><strong>Anianorum</strong></span> <span class='ocrx_word' id='word_1_205' title='bbox 822 2865 874 2930; x_wconf 91' lang='lat' dir='ltr'><strong>uel</strong></span> <span class='ocrx_word' id='word_1_206' title='bbox 890 2866 1102 2948; x_wconf 89' lang='lat' dir='ltr'><strong>quorumlibet</strong></span> <span class='ocrx_word' id='word_1_207' title='bbox 1116 2868 1366 2935; x_wconf 88' lang='lat' dir='ltr'><strong>haereticorum</strong></span> <span class='ocrx_word' id='word_1_208' title='bbox 1382 2873 1455 2934; x_wconf 87' lang='lat' dir='ltr'><strong>tene-</strong></span> 
     </span>
     <span class='ocr_line' id='line_1_25' title="bbox 325 2967 1456 3050; baseline 0.004 -20"><span class='ocrx_word' id='word_1_209' title='bbox 325 2967 423 3031; x_wconf 80' lang='lat' dir='ltr'><strong>bras?</strong></span> <span class='ocrx_word' id='word_1_210' title='bbox 458 2968 578 3050; x_wconf 87' lang='lat' dir='ltr'><strong>inpingi</strong></span> <span class='ocrx_word' id='word_1_211' title='bbox 611 2968 714 3031; x_wconf 86' lang='lat' dir='ltr'><strong>fecisti</strong></span> <span class='ocrx_word' id='word_1_212' title='bbox 742 2969 874 3034; x_wconf 89' lang='lat' dir='ltr'><strong>crimina</strong></span> <span class='ocrx_word' id='word_1_213' title='bbox 902 2988 961 3034; x_wconf 93' lang='lat' dir='ltr'><strong>non</strong></span> <span class='ocrx_word' id='word_1_214' title='bbox 992 2970 1093 3035; x_wconf 90' lang='lat' dir='ltr'><strong>solum</strong></span> <span class='ocrx_word' id='word_1_215' title='bbox 1123 2971 1317 3050; x_wconf 79' lang='lat' dir='ltr'><strong>Athanasio,</strong></span> <span class='ocrx_word' id='word_1_216' title='bbox 1352 2975 1411 3039; x_wconf 90' lang='lat' dir='ltr'><strong>sed</strong></span> <span class='ocrx_word' id='word_1_217' title='bbox 1434 2975 1456 3036; x_wconf 87' lang='lat' dir='ltr'><strong>et</strong></span> 
     </span>
     <span class='ocr_line' id='line_1_26' title="bbox 322 3070 1477 3148; baseline 0.003 -14"><span class='ocrx_word' id='word_1_218' title='bbox 322 3071 424 3148; x_wconf 86' lang='lat' dir='ltr'><strong>nobis,</strong></span> <span class='ocrx_word' id='word_1_219' title='bbox 448 3089 505 3135; x_wconf 89' lang='lat' dir='ltr'><strong>cur</strong></span> <span class='ocrx_word' id='word_1_220' title='bbox 527 3070 720 3136; x_wconf 87' lang='lat' dir='ltr'><strong>noluerimus</strong></span> <span class='ocrx_word' id='word_1_221' title='bbox 744 3072 914 3137; x_wconf 80' lang='lat' dir='ltr'><strong>Christiani</strong></span> <span class='ocrx_word' id='word_1_222' title='bbox 938 3073 1021 3138; x_wconf 84' lang='lat' dir='ltr'><strong>effici</strong></span> <span class='ocrx_word' id='word_1_223' title='bbox 1044 3073 1178 3138; x_wconf 88' lang='lat' dir='ltr'><strong>Arriani.</strong></span> <span class='ocrx_word' id='word_1_224' title='bbox 1204 3093 1266 3139; x_wconf 93' lang='lat' dir='ltr'><strong>non</strong></span> <span class='ocrx_word' id='word_1_225' title='bbox 1296 3073 1477 3141; x_wconf 64' lang='lat' dir='ltr'><strong>defuerunt3³</strong></span> 
     </span>
     <span class='ocr_line' id='line_1_27' title="bbox 323 3173 1455 3260; baseline 0.006 -23"><span class='ocrx_word' id='word_1_226' title='bbox 323 3173 451 3256; x_wconf 86' lang='lat' dir='ltr'><strong>singula</strong></span> <span class='ocrx_word' id='word_1_227' title='bbox 473 3193 555 3256; x_wconf 91' lang='lat' dir='ltr'><strong>quae</strong></span> <span class='ocrx_word' id='word_1_228' title='bbox 576 3175 709 3256; x_wconf 89' lang='lat' dir='ltr'><strong>possunt</strong></span> <span class='ocrx_word' id='word_1_229' title='bbox 731 3175 812 3240; x_wconf 92' lang='lat' dir='ltr'><strong>ohici</strong></span> <span class='ocrx_word' id='word_1_230' title='bbox 836 3176 968 3241; x_wconf 89' lang='lat' dir='ltr'><strong>crimina</strong></span> <span class='ocrx_word' id='word_1_231' title='bbox 991 3176 1133 3260; x_wconf 86' lang='lat' dir='ltr'><strong>singulis,</strong></span> <span class='ocrx_word' id='word_1_232' title='bbox 1163 3196 1225 3259; x_wconf 91' lang='lat' dir='ltr'><strong>quo</strong></span> <span class='ocrx_word' id='word_1_233' title='bbox 1242 3179 1360 3244; x_wconf 89' lang='lat' dir='ltr'><strong>nullus</strong></span> <span class='ocrx_word' id='word_1_234' title='bbox 1378 3179 1455 3244; x_wconf 89' lang='lat' dir='ltr'><strong>uido-</strong></span> 
     </span>
     <span class='ocr_line' id='line_1_28' title="bbox 321 3277 1455 3364; baseline 0.004 -24"><span class='ocrx_word' id='word_1_235' title='bbox 321 3277 409 3342; x_wconf 86' lang='lat' dir='ltr'><strong>retur</strong></span> <span class='ocrx_word' id='word_1_236' title='bbox 432 3296 449 3340; x_wconf 94' lang='lat' dir='ltr'><strong>e</strong></span> <span class='ocrx_word' id='word_1_237' title='bbox 472 3277 561 3342; x_wconf 88' lang='lat' dir='ltr'><strong>nobis</strong></span> <span class='ocrx_word' id='word_1_238' title='bbox 583 3278 711 3359; x_wconf 92' lang='lat' dir='ltr'><strong>propter</strong></span> <span class='ocrx_word' id='word_1_239' title='bbox 733 3278 828 3342; x_wconf 89' lang='lat' dir='ltr'><strong>deum</strong></span> <span class='ocrx_word' id='word_1_240' title='bbox 849 3279 967 3344; x_wconf 89' lang='lat' dir='ltr'><strong>missus</strong></span> <span class='ocrx_word' id='word_1_241' title='bbox 990 3279 1030 3344; x_wconf 88' lang='lat' dir='ltr'><strong>ad</strong></span> <span class='ocrx_word' id='word_1_242' title='bbox 1054 3280 1158 3357; x_wconf 85' lang='lat' dir='ltr'><strong>exilia,</strong></span> <span class='ocrx_word' id='word_1_243' title='bbox 1185 3280 1243 3344; x_wconf 89' lang='lat' dir='ltr'><strong>sod</strong></span> <span class='ocrx_word' id='word_1_244' title='bbox 1266 3283 1363 3363; x_wconf 91' lang='lat' dir='ltr'><strong>quod</strong></span> <span class='ocrx_word' id='word_1_245' title='bbox 1379 3281 1455 3364; x_wconf 86' lang='lat' dir='ltr'><strong>quasi</strong></span> 
     </span>
     <span class='ocr_line' id='line_1_29' title="bbox 321 3379 1455 3465; baseline 0.005 -23"><span class='ocrx_word' id='word_1_246' title='bbox 321 3397 378 3460; x_wconf 86' lang='lat' dir='ltr'><strong>pro</strong></span> <span class='ocrx_word' id='word_1_247' title='bbox 413 3379 597 3444; x_wconf 85' lang='lat' dir='ltr'><strong>criminibus</strong></span> <span class='ocrx_word' id='word_1_248' title='bbox 630 3379 754 3444; x_wconf 88' lang='lat' dir='ltr'><strong>nostris.</strong></span> <span class='ocrx_word' id='word_1_249' title='bbox 806 3399 879 3445; x_wconf 90' lang='lat' dir='ltr'><strong>cum</strong></span> <span class='ocrx_word' id='word_1_250' title='bbox 908 3382 977 3446; x_wconf 89' lang='lat' dir='ltr'><strong>sitis</strong></span> <span class='ocrx_word' id='word_1_251' title='bbox 1005 3381 1103 3465; x_wconf 83' lang='lat' dir='ltr'><strong>igitur</strong></span> <span class='ocrx_word' id='word_1_252' title='bbox 1132 3401 1191 3447; x_wconf 89' lang='lat' dir='ltr'><strong>uos</strong></span> <span class='ocrx_word' id='word_1_253' title='bbox 1217 3383 1267 3446; x_wconf 89' lang='lat' dir='ltr'><strong>rei</strong></span> <span class='ocrx_word' id='word_1_254' title='bbox 1302 3384 1455 3450; x_wconf 88' lang='lat' dir='ltr'><strong>tantorum</strong></span> 
     </span>
     <span class='ocr_line' id='line_1_30' title="bbox 323 3480 1455 3563; baseline 0.003 -19"><span class='ocrx_word' id='word_1_255' title='bbox 323 3480 501 3558; x_wconf 83' lang='lat' dir='ltr'><strong>criminum,</strong></span> <span class='ocrx_word' id='word_1_256' title='bbox 525 3481 683 3563; x_wconf 88' lang='lat' dir='ltr'><strong>quianon</strong></span> <span class='ocrx_word' id='word_1_257' title='bbox 705 3482 870 3548; x_wconf 89' lang='lat' dir='ltr'><strong>uobiscum</strong></span> <span class='ocrx_word' id='word_1_258' title='bbox 898 3485 1014 3550; x_wconf 87' lang='lat' dir='ltr'><strong>hebere</strong></span> <span class='ocrx_word' id='word_1_259' title='bbox 1045 3485 1140 3549; x_wconf 91' lang='lat' dir='ltr'><strong>deum</strong></span> <span class='ocrx_word' id='word_1_260' title='bbox 1171 3485 1292 3551; x_wconf 80' lang='lat' dir='ltr'><strong>haeum</strong></span> <span class='ocrx_word' id='word_1_261' title='bbox 1327 3487 1455 3552; x_wconf 87' lang='lat' dir='ltr'><strong>uoluen&#39;t</strong></span> 
     </span>
    </p>
   </div>
   <div class='ocr_carea' id='block_1_3' title="bbox 426 3670 659 3725">
    <p class='ocr_par' dir='ltr' id='par_1_3' title="bbox 426 3670 659 3725">
     <span class='ocr_line' id='line_1_31' title="bbox 426 3670 659 3725; baseline 0 -2"><span class='ocrx_word' id='word_1_262' title='bbox 426 3670 460 3724; x_wconf 87' lang='lat'><strong>16</strong></span> <span class='ocrx_word' id='word_1_263' title='bbox 477 3671 546 3724; x_wconf 83' lang='lat' dir='ltr'><strong>Dan.</strong></span> <span class='ocrx_word' id='word_1_264' title='bbox 565 3670 607 3725; x_wconf 77' lang='lat'><strong>22.</strong></span> <span class='ocrx_word' id='word_1_265' title='bbox 625 3671 659 3724; x_wconf 81' lang='lat'><strong>23</strong></span> 
     </span>
    </p>
   </div>
   <div class='ocr_carea' id='block_1_4' title="bbox 376 3773 1454 3898">
    <p class='ocr_par' dir='ltr' id='par_1_4' title="bbox 376 3773 1454 3898">
     <span class='ocr_line' id='line_1_32' title="bbox 376 3773 1454 3898; baseline 0.002 -20"><span class='ocrx_word' id='word_1_266' title='bbox 376 3773 455 3879; x_wconf 57' lang='grc' dir='ltr'><strong>Ιοὲτ</strong></span> <span class='ocrx_word' id='word_1_267' title='bbox 474 3808 503 3894; x_wconf 56' lang='lat'><strong>(5²</strong></span> <span class='ocrx_word' id='word_1_268' title='bbox 517 3844 552 3880; x_wconf 86' lang='lat' dir='ltr'><strong>m.</strong></span> <span class='ocrx_word' id='word_1_269' title='bbox 570 3829 635 3896; x_wconf 85' lang='lat' dir='ltr'><strong>rec.)</strong></span> <span class='ocrx_word' id='word_1_270' title='bbox 732 3828 827 3882; x_wconf 85' lang='lat' dir='ltr'><strong>exlium</strong></span> <span class='ocrx_word' id='word_1_271' title='bbox 918 3801 1115 3898; x_wconf 72' lang='lat' dir='ltr'><strong>speculen&#39;cia</strong></span> <span class='ocrx_word' id='word_1_272' title='bbox 1132 3831 1151 3898; x_wconf 83' lang='lat'><strong>(¹</strong></span> <span class='ocrx_word' id='word_1_273' title='bbox 1168 3845 1203 3884; x_wconf 84' lang='lat' dir='ltr'><strong>m.</strong></span> <span class='ocrx_word' id='word_1_274' title='bbox 1223 3829 1293 3896; x_wconf 82' lang='lat' dir='ltr'><strong>rec.)</strong></span> <span class='ocrx_word' id='word_1_275' title='bbox 1386 3829 1454 3884; x_wconf 89' lang='lat' dir='ltr'><strong>fideu</strong></span> 
     </span>
    </p>
   </div>
   <div class='ocr_carea' id='block_1_5' title="bbox 321 3901 1452 4153">
    <p class='ocr_par' dir='ltr' id='par_1_5' title="bbox 321 3901 1452 4153">
     <span class='ocr_line' id='line_1_33' title="bbox 322 3901 1397 3985; baseline 0 -20"><span class='ocrx_word' id='word_1_276' title='bbox 322 3912 395 3966; x_wconf 76' lang='lat' dir='ltr'><strong>coci.</strong></span> <span class='ocrx_word' id='word_1_277' title='bbox 416 3911 516 3979; x_wconf 77' lang='lat' dir='ltr'><strong>Titios,</strong></span> <span class='ocrx_word' id='word_1_278' title='bbox 535 3912 639 3981; x_wconf 89' lang='lat' dir='ltr'><strong>quidem</strong></span> <span class='ocrx_word' id='word_1_279' title='bbox 660 3915 700 3967; x_wconf 85' lang='lat' dir='ltr'><strong>Vc</strong></span> <span class='ocrx_word' id='word_1_280' title='bbox 768 3915 785 3966; x_wconf 88' lang='lat'><strong>5</strong></span> <span class='ocrx_word' id='word_1_281' title='bbox 802 3914 915 3985; x_wconf 84' lang='lat' dir='ltr'><strong>misisse]</strong></span> <span class='ocrx_word' id='word_1_282' title='bbox 934 3915 1071 3969; x_wconf 86' lang='lat' dir='ltr'><strong>miscuisse</strong></span> <span class='ocrx_word' id='word_1_283' title='bbox 1078 3901 1135 3968; x_wconf 52' lang='lat' dir='ltr'><strong>&#39;teet</strong></span> <span class='ocrx_word' id='word_1_284' title='bbox 1152 3913 1308 3982; x_wconf 86' lang='lat' dir='ltr'><strong>inposuisse</strong></span> <span class='ocrx_word' id='word_1_285' title='bbox 1327 3915 1397 3982; x_wconf 79' lang='lat' dir='ltr'><strong>fort.</strong></span> 
     </span>
     <span class='ocr_line' id='line_1_34' title="bbox 322 3998 1451 4086; baseline 0.001 -35"><span class='ocrx_word' id='word_1_286' title='bbox 322 3999 405 4051; x_wconf 80' lang='lat' dir='ltr'><strong>duos</strong></span> <span class='ocrx_word' id='word_1_287' title='bbox 426 3998 538 4066; x_wconf 71' lang='lat' dir='ltr'><strong>scripsi,</strong></span> <span class='ocrx_word' id='word_1_288' title='bbox 561 4014 616 4052; x_wconf 91' lang='lat' dir='ltr'><strong>non</strong></span> <span class='ocrx_word' id='word_1_289' title='bbox 638 4002 677 4054; x_wconf 86' lang='lat' dir='ltr'><strong>Vc</strong></span> <span class='ocrx_word' id='word_1_290' title='bbox 782 3999 815 4054; x_wconf 81' lang='lat'><strong>12</strong></span> <span class='ocrx_word' id='word_1_291' title='bbox 837 4017 939 4070; x_wconf 88' lang='lat' dir='ltr'><strong>paenae</strong></span> <span class='ocrx_word' id='word_1_292' title='bbox 980 4071 986 4086; x_wconf 92' lang='lat'><strong>.</strong></span> <span class='ocrx_word' id='word_1_293' title='bbox 1045 4000 1078 4054; x_wconf 86' lang='grc'><strong>18</strong></span> <span class='ocrx_word' id='word_1_294' title='bbox 1100 3999 1186 4054; x_wconf 74' lang='lat' dir='ltr'><strong>inisse</strong></span> <span class='ocrx_word' id='word_1_295' title='bbox 1292 4001 1325 4054; x_wconf 85' lang='lat' dir='ltr'><strong>tc</strong></span> <span class='ocrx_word' id='word_1_296' title='bbox 1347 4016 1370 4056; x_wconf 83' lang='lat' dir='ltr'><strong>s.</strong></span> <span class='ocrx_word' id='word_1_297' title='bbox 1394 4002 1410 4056; x_wconf 83' lang='lat' dir='ltr'><strong>t.</strong></span> <span class='ocrx_word' id='word_1_298' title='bbox 1425 4018 1451 4053; x_wconf 79' lang='lat' dir='ltr'><strong>rc.</strong></span> 
     </span>
     <span class='ocr_line' id='line_1_35' title="bbox 321 4083 1452 4153; baseline 0.005 -17"><span class='ocrx_word' id='word_1_299' title='bbox 321 4099 374 4138; x_wconf 82' lang='lat' dir='ltr'><strong>ree.</strong></span> <span class='ocrx_word' id='word_1_300' title='bbox 451 4083 485 4136; x_wconf 83' lang='lat'><strong>15</strong></span> <span class='ocrx_word' id='word_1_301' title='bbox 501 4084 625 4152; x_wconf 89' lang='lat' dir='ltr'><strong>populum</strong></span> <span class='ocrx_word' id='word_1_302' title='bbox 640 4087 671 4153; x_wconf 85' lang='lat' dir='ltr'><strong>V,</strong></span> <span class='ocrx_word' id='word_1_303' title='bbox 689 4101 799 4142; x_wconf 84' lang='lat' dir='ltr'><strong>ceuceu</strong></span> <span class='ocrx_word' id='word_1_304' title='bbox 877 4087 911 4144; x_wconf 80' lang='lat'><strong>20</strong></span> <span class='ocrx_word' id='word_1_305' title='bbox 928 4085 1000 4141; x_wconf 81' lang='lat' dir='ltr'><strong>faces</strong></span> <span class='ocrx_word' id='word_1_306' title='bbox 1017 4087 1123 4140; x_wconf 85' lang='lat' dir='ltr'><strong>nostrae</strong></span> <span class='ocrx_word' id='word_1_307' title='bbox 1141 4083 1259 4152; x_wconf 77' lang='lat' dir='ltr'><strong>scripsi,</strong></span> <span class='ocrx_word' id='word_1_308' title='bbox 1277 4084 1383 4141; x_wconf 71' lang='lat' dir='ltr'><strong>taceres</strong></span> <span class='ocrx_word' id='word_1_309' title='bbox 1401 4089 1452 4141; x_wconf 82' lang='lat' dir='ltr'><strong>niec</strong></span> 
     </span>
    </p>
   </div>
   <div class='ocr_carea' id='block_1_6' title="bbox 326 4161 1395 4258">
    <p class='ocr_par' dir='ltr' id='par_1_6' title="bbox 326 4161 1395 4258">
     <span class='ocr_line' id='line_1_36' title="bbox 326 4161 1395 4258; baseline 0.005 -18"><span class='ocrx_word' id='word_1_310' title='bbox 326 4184 837 4248; x_wconf 78' lang='lat' dir='ltr'><strong>V,iretreenoctroch.rcc.cto</strong></span> <span class='ocrx_word' id='word_1_311' title='bbox 923 4161 1194 4258; x_wconf 57' lang='lat' dir='ltr'><strong>hiqui&#39;vncrec.)</strong></span> <span class='ocrx_word' id='word_1_312' title='bbox 1285 4189 1395 4245; x_wconf 66' lang='lat' dir='ltr'><strong>sehse</strong></span> 
     </span>
    </p>
   </div>
   <div class='ocr_carea' id='block_1_7' title="bbox 323 4271 599 4392">
    <p class='ocr_par' dir='ltr' id='par_1_7' title="bbox 323 4271 599 4392">
     <span class='ocr_line' id='line_1_37' title="bbox 323 4271 599 4392; baseline 0.004 -16"><span class='ocrx_word' id='word_1_313' title='bbox 323 4322 356 4376; x_wconf 82' lang='lat'><strong>25</strong></span> <span class='ocrx_word' id='word_1_314' title='bbox 375 4271 421 4376; x_wconf 44' lang='lat' dir='ltr'><strong>cdlr</strong></span> <span class='ocrx_word' id='word_1_315' title='bbox 439 4303 466 4390; x_wconf 62' lang='lat' dir='ltr'><strong>(5l</strong></span> <span class='ocrx_word' id='word_1_316' title='bbox 481 4340 515 4376; x_wconf 87' lang='lat' dir='ltr'><strong>m.</strong></span> <span class='ocrx_word' id='word_1_317' title='bbox 534 4325 599 4392; x_wconf 84' lang='lat' dir='ltr'><strong>rec.)</strong></span> 
     </span>
    </p>
   </div>
   <div class='ocr_carea' id='block_1_8' title="bbox 0 0 1530 5000">
    <p class='ocr_par' dir='ltr' id='par_1_8' title="bbox 0 0 1530 5000">
     <span class='ocr_line' id='line_1_38' title="bbox 0 0 1530 5000; baseline 0 0"><span class='ocrx_word' id='word_1_318' title='bbox 0 0 1530 5000; x_wconf 95' lang='lat' dir='ltr'><strong> </strong></span> 
     </span>
    </p>
   </div>
  </div>
 </body>
</html>
