3050 5000
327 392 393 461 276
821 388 973 444 Luciferi

330 580 528 646 dictumest
557 579 643 663 quod
671 580 755 645 esset
781 578 952 662 impletura
978 578 1184 644 manifestum
1214 578 1278 643 est.
1321 576 1457 658 scriptun

330 685 381 749 est
410 683 450 748 de
480 682 665 748 antichristo
694 683 746 747 cni
773 682 809 747 tu
837 682 986 749 similaris
1016 684 1072 747 aut
1099 684 1169 766 ipsc
1201 700 1277 746 esse
1300 680 1457 745 iudicaris:

329 786 427 851 cerdo
448 786 605 850 aduersas
626 786 822 850 altscimam
843 786 968 850 domini
995 786 1139 868 loquetur
1164 790 1197 851 et
1223 788 1362 850 sanctos
1383 784 1457 849 otis·

328 889 406 955 simi
430 888 483 955 dei
510 888 703 954 imocterodo't
728 892 759 952 ct
779 889 967 971 excogitobit
987 892 1112 953 mamre
1137 894 1290 971 tempora
1315 892 1347 953 et
1370 888 1456 971 lmese,

329 996 360 1057 et
379 990 510 1057 daddus
530 992 570 1057 in
590 1012 692 1057 mom
713 992 794 1057 cias.
817 992 896 1056 haec
911 991 947 1055 tu
964 990 1029 1055 iam
1047 974 1152 1055 iec'isti
1168 992 1271 1074 atque
1289 1010 1329 1055 es
1344 990 1476 1055 iaciens.⁵

330 1114 403 1160 cum
426 1095 509 1160 onim
524 1094 620 1160 dicis:
642 1116 709 1159 noa
730 1100 777 1159 cst
796 1114 891 1159 aeros
913 1095 989 1159 doras
1009 1096 1100 1177 filices
1121 1096 1185 1177 dci,
1209 1094 1270 1159 sed
1293 1094 1406 1175 factos
1425 1100 1457 1157 cst

330 1220 369 1266 ec
390 1199 502 1281 nihilo,
530 1199 630 1263 uerba
649 1198 789 1280 loqueris
812 1196 966 1263 aduersus
996 1197 1099 1263 deum.
1138 1196 1325 1263 Christiani
1357 1198 1455 1261 etenim

330 1322 403 1368 cum
431 1320 526 1367 unam
553 1300 752 1367 uindicemus
782 1301 981 1365 diuinitatem
1008 1301 1091 1384 patri
1119 1301 1152 1366 et
1178 1301 1282 1365 unico
1310 1300 1383 1365 filio
1406 1302 1455 1364 eiu

331 1409 364 1471 et
383 1408 420 1470 tn
442 1406 486 1471 sis
507 1406 588 1469 hanc
611 1406 751 1469 nostram
773 1402 950 1487 inpugnans
974 1404 1197 1482 defensionem,
1223 1405 1274 1468 sis
1300 1404 1455 1468 adstruens

331 1508 371 1575 de
392 1508 459 1574 tilio
481 1508 566 1592 qaod
586 1509 686 1590 fuerit
706 1508 834 1591 quando
856 1528 923 1573 noos
944 1508 1043 1589 fuerit
1066 1508 1098 1571 ct
1123 1508 1207 1590 qood
1226 1509 1351 1589 factus
1373 1509 1413 1571 sit
1430 1528 1474 1571 erc

330 1614 442 1698 nitito,
463 1612 573 1695 utiquo
595 1613 710 1695 probas
730 1612 764 1677 te
788 1610 843 1675 aut
866 1630 935 1677 esso
958 1610 1177 1675 antichristum
1202 1611 1263 1674 ant
1288 1611 1454 1675 cortesius

330 1734 577 1799 praecursorem.
600 1734 702 1798 neque
725 1716 808 1779 enim
830 1714 948 1798 poteris
971 1715 1051 1779 alius
1075 1732 1145 1779 csse
1166 1713 1324 1796 intellegi
1341 1714 1403 1778 nisi
1416 1716 1454 1776 aut

330 1839 517 1905 praecursor
539 1818 714 1883 antichristi
738 1819 793 1883 aut
809 1818 1021 1895 antichristus,
1046 1819 1099 1900 qui
1115 1816 1235 1882 audeas
1255 1817 1453 1899 apostolicam

332 1924 611 2008 euangelicamque
643 1923 838 1987 haereticam
873 1921 979 1987 dicere
1008 1922 1104 1986 fidem
1136 1921 1168 1985 ct
1197 1922 1297 1985 tuam
1334 1921 1453 2003 temptes

329 2028 560 2111 blasphemiam
588 2027 778 2092 catholicam
809 2025 905 2090 fidem
935 2026 1108 2090 uindicare.
1145 2024 1306 2089 iniuriam
1339 2024 1375 2088 to
1405 2024 1473 2107 patio

210 2157 217 2174 ·
331 2133 439 2211 sentis,
463 2132 537 2214 quia
557 2131 661 2195 bestia
684 2148 754 2195 osse
778 2129 894 2195 dicaris
918 2148 937 2193 a
958 2129 1066 2203 nobis3
1100 2128 1255 2194 inueniris
1284 2129 1452 2211 excogitare

329 2236 426 2301 fidem
447 2236 581 2313 mutare,
604 2236 663 2299 hoc
688 2234 737 2299 cst
758 2234 795 2298 nt
816 2252 876 2299 non
898 2232 945 2297 ita
967 2233 1150 2312 credamus,
1175 2232 1349 2314 quomodo
1373 2232 1452 2313 patri·

331 2342 445 2404 archae
467 2338 638 2421 prophetae
661 2336 795 2419 apostoli
819 2356 855 2401 ac
879 2338 1033 2421 martyres
1056 2334 1264 2413 crediderint,
1292 2334 1357 2399 sed
1379 2334 1452 2398 iusti·

328 2444 428 2509 tueris
450 2442 496 2508 sic
519 2440 728 2519 credendum,
763 2440 921 2523 quomodo
944 2438 1146 2523 conpcrditus
1167 2440 1244 2503 tuus
1271 2438 1401 2503 Arrius.
1433 2438 1453 2502 ot

331 2547 411 2612 dicis
433 2565 494 2612 non
515 2547 549 2610 te
569 2547 657 2610 recto
673 2543 736 2609 dici
750 2544 897 2622 hostiam,
922 2563 1003 2622 cum,
1028 2544 1103 2626 quia
1117 2545 1196 2607 haec
1215 2561 1311 2609 esses
1329 2544 1471 2610 acturus.t

329 2651 466 2716 hostiam
487 2650 521 2712 te
544 2668 614 2713 csse
637 2647 752 2712 dixerit
774 2648 992 2712 sanctissimus
1014 2647 1188 2729 propheta?
1211 2664 1279 2711 non
1301 2648 1408 2711 minor
1421 2665 1451 2710 es.

331 2751 511 2829 Constanti,
539 2751 762 2816 incredulitate
786 2752 824 2815 ab
848 2751 1047 2826 antichristo,
1069 2769 1152 2824 ‚nam
1176 2749 1334 2814 dentibus
1359 2749 1451 2814 ferreis

332 2857 382 2921 dci
405 2873 514 2920 seruos
537 2854 717 2920 deuorando
738 2873 800 2920 non
825 2854 950 2919 desinis.
977 2855 1052 2937 qnid
1074 2854 1241 2937 pluribus?
1274 2853 1361 2918 nihil
1386 2853 1450 2916 anti·

331 2959 468 3024 christus
497 2958 625 3023 acturus
655 2958 729 3047 ost,¹
747 2958 808 3023 nisi
835 2958 872 3022 ut
899 2959 1031 3040 negetur
1053 2957 1164 3021 unicus
1189 2956 1242 3021 dei
1265 2957 1377 3034 filius,
1407 2958 1449 3020 hoo

332 3064 399 3146 agit
421 3061 557 3127 stultitia
580 3061 742 3144 saginatus
763 3061 1022 3125 inmundissimos
1047 3060 1168 3124 animus
1190 3060 1278 3124 tuus.
1457 3079 1471 3121 s

371 3165 505 3230 XXXII.
536 3165 600 3230 Sed
623 3165 825 3247 quantumuis
849 3165 982 3242 saepias,
1005 3162 1170 3240 transient,
1194 3162 1360 3227 transient
1382 3164 1449 3226 tem

331 3287 408 3351 pora
427 3269 485 3333 tua
508 3269 540 3332 et
561 3267 690 3332 uenient
709 3267 777 3346 illa,
802 3267 834 3331 in
858 3267 971 3349 quibus
993 3267 1119 3332 uisurus
1140 3265 1184 3342 te,
1215 3265 1277 3329 nisi
1301 3266 1364 3331 tibi
1388 3285 1448 3330 oon-

331 3372 481 3448 sulueris,
509 3371 541 3435 in
569 3370 624 3434 illo
651 3371 745 3452 igneo
774 3369 870 3434 fluuio
898 3371 1118 3447 constitutum,
1152 3367 1284 3434 uisurus
1307 3370 1387 3434 tnnc
1409 3387 1448 3431 eos

331 3493 409 3557 quos
430 3473 542 3538 infeste
564 3474 773 3557 persequeris,
796 3474 963 3556 propterea
984 3474 1069 3556 quod
1091 3472 1191 3538 nolint
1213 3473 1321 3555 perire
1343 3474 1447 3537 tecum

330 3595 391 3641 non
413 3577 444 3640 in
466 3577 521 3641 illo
543 3578 575 3641 in
599 3595 659 3659 quo
681 3578 717 3641 tu
740 3577 863 3642 futinus
888 3597 921 3642 es
942 3577 1012 3642 loco
1033 3576 1272 3653 tormentorum,
1306 3575 1368 3640 sed
1390 3593 1471 3639 cuma

331 3680 451 3762 angelis
479 3679 597 3744 sanctis
625 3681 745 3762 gratias
775 3681 807 3745 et
833 3681 946 3744 laudes
973 3679 1146 3744 referentes
1169 3697 1296 3760 semper
1317 3679 1397 3758 deo,
1423 3680 1447 3741 te

330 3801 405 3848 uero
427 3783 459 3846 in
481 3782 536 3847 illo
557 3783 679 3865 liquore
702 3783 857 3848 flammeo.
883 3783 955 3848 nolo
977 3781 1109 3860 mireris,
1122 3782 1162 3846 ¹si
1178 3781 1317 3846 Danihel
1338 3783 1447 3865 glorio·

431 4024 448 4076 3
466 4024 534 4078 Dan.
554 4025 578 4088 7,
597 4023 630 4076 25

380 4245 552 4314 dloquaetur
621 4246 652 4299 11
672 4247 842 4301 antichritum
911 4245 943 4298 17
962 4227 1088 4299 credimus
1107 4251 1177 4299 m.1
1250 4245 1283 4298 20
1300 4247 1385 4300 rectae

329 4329 363 4383 27
381 4332 492 4401 nisurus]
512 4348 540 4386 cs
558 4333 626 4387 odd.
645 4333 731 4388 Ooletc‘
800 4333 833 4386 28
851 4333 895 4388 illo
915 4347 1000 4386 omo
