3050 5000
292 328 356 396 198
780 318 930 375 naccon

293 516 426 600 populus
439 512 655 597 cognosceret,
677 510 875 577 sihaoresim
889 510 978 573 tuam
993 504 1216 588 suscepissem,
1243 502 1274 567 si
1290 500 1433 583 deniqne

292 620 346 683 uei
366 619 399 683 in
419 616 575 702 hypocrisi
597 613 747 679 satellitis
774 612 839 677 tuis
860 609 1136 694 pseudoepiscopis
1157 606 1312 673 Arrianis
1344 622 1432 669 com-

295 721 513 786 municarem?
547 717 705 801 quomodo
724 716 826 799 possit
847 732 950 779 sermo
971 730 1061 777 meus
1082 710 1216 793 preferri
1240 727 1361 778 sanus,
1383 709 1431 772 in-

294 822 593 907 reprehensibilissi
604 819 823 903 euangelicam
835 818 930 900 Quo
942 815 1147 899 apostolicum
1159 813 1324 877 daerens
1335 810 1430 875 fidem

295 926 605 1007 tnamsnscepissem
619 923 870 1005 blasphemiam?
891 918 1047 1003 quomodo
1062 915 1273 981 adumarius
1288 916 1431 978 reuereri
1449 932 1457 971 r

292 1030 460 1112 potuerat?
482 1026 638 1110 quomodo
652 1026 694 1089 do
713 1044 767 1089 mo
782 1024 860 1088 nihil
873 1023 974 1105 possit
987 1021 1092 1085 dicere
1106 1018 1194 1095 maii,
1210 1036 1304 1093 cum,
1331 1017 1363 1080 si
1378 1017 1430 1080 hhi

293 1131 560 1214 adquiescendum
580 1129 785 1203 censuissem,
820 1129 853 1191 ct
879 1124 1069 1191 homicidam
1096 1123 1130 1186 et
1151 1121 1361 1203 sacrilegum
1383 1138 1428 1183 me

292 1235 414 1300 iactum
434 1232 733 1315 conprehendisset?
754 1232 870 1295 iterum
891 1248 964 1293 cnm
984 1227 1126 1291 moneret
1149 1242 1266 1290 seruos
1292 1222 1429 1288 dominis

291 1338 358 1402 suis
378 1336 521 1401 subditos
542 1353 614 1399 esse
635 1334 760 1411 dehere,
782 1332 906 1397 {music
917 1335 1012 1416 mes,
1026 1331 1136 1414 iuquit,
1158 1331 1280 1415 pratia
1293 1328 1354 1393 dei
1368 1326 1427 1389 sat

290 1442 416 1505 sutoro
427 1440 531 1504 nostri
544 1438 690 1503 omno-o
703 1436 893 1521 hominbus,
907 1437 1083 1518 corripiens
1092 1454 1161 1513 nes,
1174 1438 1216 1498 st
1228 1432 1428 1513 mnis
1438 1444 1453 1481 1·

291 1539 1007 1625 impietatemetsaecsion'edesiderinschric
1023 1535 1428 1620 dpieetiusteuism

292 1649 331 1709 iu
351 1646 408 1710 hoc
428 1644 563 1724 mdo,
586 1647 786 1725 ecpecdoslcs
807 1643 930 1707 dentum
952 1638 1427 1724 speminuduentmpdoriuc

292 1748 405 1831 nequi
425 1747 824 1812 deictsaieutoriaaostri
838 1744 914 1811 less
928 1746 1060 1827 Christi,
1082 1742 1427 1827 psideditpronohis

293 1846 1427 1933 scipsum,ecishcreretnocobomoiiniqsituteeimendetsehi

286 1955 446 2037 populum
467 1954 692 2037 eumenem,
714 1954 940 2019 mutum
960 1954 1113 2017 morsm
1133 1972 1281 2033 ope-sm
1306 1950 1450 2017 cuminbr

292 2061 344 2124 his
364 2078 421 2124 nos
442 2060 604 2125 ambulare
625 2059 822 2142 praeceperit
843 2060 933 2124 honis
955 2059 1110 2142 openiens,
1133 2058 1211 2139 qnid
1233 2057 1300 2121 tibi
1324 2058 1423 2121 uisum

293 2164 352 2239 est,
374 2164 413 2227 nt
432 2162 577 2227 innitaris
599 2162 640 2227 ad
661 2162 867 2229 homicidium
888 2162 1092 2228 iseicndnm?
1118 2160 1283 2243 quomodo
1310 2160 1424 2225 etenim

293 2267 485 2349 abnegantes
511 2266 695 2349 inpietatem
721 2267 774 2349 pie
802 2268 836 2333 ot
861 2266 945 2332 iuste
972 2266 1116 2332 uiuentes
1138 2265 1286 2348 conspici
1310 2265 1422 2347 potue

292 2388 410 2447 remus,
434 2370 462 2434 si
482 2370 590 2433 tecum
611 2369 803 2435 indimemus
825 2372 999 2436 innocentis
1020 2372 1188 2436 cruorem?
1210 2368 1270 2435 sed
1297 2370 1334 2432 et
1356 2386 1423 2432 cum

294 2472 382 2538 dicat
401 2472 521 2540 idcirco
548 2492 583 2538 se
610 2492 668 2558 pro
688 2474 829 2557 peccatis
851 2475 967 2541 nostris
987 2475 1157 2541 cedidisse
1180 2474 1363 2550 dominnm,
1392 2470 1447 2534 nt*

294 2595 353 2642 nos
375 2576 509 2659 eriperet
537 2580 577 2644 ab
605 2580 751 2662 oporihns
773 2581 904 2644 satanae
933 2581 966 2644 et
987 2579 1194 2646 constitueret
1225 2577 1269 2642 ad
1293 2577 1422 2656 hoeni

295 2680 506 2745 aemnlatores
527 2701 671 2748 essemus
691 2685 845 2748 honorum
867 2699 1005 2766 opernm,
1029 2683 1056 2747 si
1077 2699 1156 2765 opus
1177 2677 1268 2746 istud
1282 2681 1421 2746 tuumet

295 2799 354 2846 nos
372 2781 481 2846 tecum
501 2785 673 2867 perpetrati
694 2785 873 2866 fuissemus,
895 2786 928 2850 in
950 2802 1013 2868 qus
1035 2799 1175 2851 essemus
1197 2779 1292 2866 parte
1317 2782 1420 2848 nisiin

297 2903 362 2966 qna
375 2884 418 2949 sit
432 2885 533 2951 cain?
554 2887 678 2953 inlusit
689 2889 786 2974 enen,
800 2888 913 2972 inquit,
934 2889 1045 2972 prdie
1058 2890 1110 2954 dei
1123 2887 1307 2953 suiceieris
1321 2885 1420 2950 notin

295 2988 441 3053 mechus
461 2988 650 3074 hommes,
671 2992 848 3073 corripiens
869 3007 935 3076 noe,
958 2995 997 3055 ct
1009 2991 1202 3074 manos
1222 2988 1444 3071 tepidum

295 3091 1418 3176 dedesideriosowslericsohiecticsteetpiceiudmcsiohoe

297 3195 430 3260 maio.
474 3195 508 3260 et
529 3194 732 3263 Constantius
758 3197 795 3262 tu
816 3197 988 3280 imperator
1010 3196 1149 3280 dignaris
1172 3195 1290 3275 dicere,
1324 3196 1416 3261 mmm

297 3299 396 3381 impii,
419 3298 576 3378 scelerati,
592 3299 717 3382 perditi,
732 3300 874 3384 maligni,
896 3301 1006 3384 iniqui,
1021 3299 1139 3364 iniusti.
1163 3299 1217 3364 nbi
1231 3299 1317 3363 hanc
1335 3315 1416 3382 spem

295 3401 454 3467 inueniam
468 3404 594 3469 beatam
616 3422 711 3488 qnam
727 3422 781 3469 me
803 3405 968 3487 expectare
991 3404 1133 3487 oportere
1149 3401 1242 3468 docet
1258 3402 1415 3485 apostolus

295 3505 418 3584 beatis,
441 3507 469 3570 si
491 3525 553 3572 non
573 3507 676 3572 solum
695 3507 805 3590 ipsius,
829 3507 883 3590 qui
897 3524 1022 3572 omnem
1036 3505 1267 3572 beatitudinem
1280 3504 1442 3570 menone

295 3607 408 3688 potens
430 3608 488 3686 est,
510 3627 620 3675 seruos
640 3609 838 3689 interemero,
862 3611 919 3675 sed
942 3611 974 3675 et
994 3611 1098 3693 ipsum
1113 3611 1295 3692 negenero?
1318 3609 1354 3673 tn
1368 3609 1412 3672 et-

396 3849 483 3904 one
500 3849 527 3915 e,
547 3851 647 3906 11-14
714 3852 749 3905 er
767 3851 803 3906 n.
820 3853 845 3922 e,
865 3853 905 3908 11.
925 3852 957 3907 12

347 4054 365 4108 2
382 4053 510 4124 epochrisi
576 4057 737 4113 satellitibus
754 4059 826 4114 cosi.
846 4059 935 4114 Tetios
1010 4059 1027 4113 'i
1045 4053 1261 4128 adquiescendum
1330 4053 1407 4124 12111]

296 4143 327 4193 ct
342 4142 480 4198 Latinius
567 4142 600 4197 14
616 4144 755 4199 mundaret
772 4145 843 4201 cosi.
860 4145 997 4201 Latinius
1090 4145 1121 4199 17
1138 4144 1268 4198 ianitores
1285 4136 1355 4210 forte

297 4224 435 4281 ltinstsc
508 4228 931 4300 ddsobriaeetiusteeetpiae
999 4229 1276 4302 thomicem-o
