3050 5000
291 339 314 403 4
782 334 932 390 Luciferi

291 527 367 592 isset
394 525 430 590 iu
457 524 695 590 tabernaculum
718 523 854 608 Moyses,
877 524 1080 590 descendebat
1099 525 1246 590 columma
1275 526 1377 589 uubis
1398 529 1433 589 et

291 629 397 694 stabat
418 629 455 694 iu
477 629 581 692 iauua
602 627 802 694 tabernaculi
828 631 859 692 et
880 627 1064 710 loquebatur
1088 627 1206 711 Mopsi,
1234 633 1263 692 ct
1294 627 1432 692 uidebat

292 732 396 797 omuis
416 731 555 814 populus
569 730 749 796 columuam
773 730 866 796 uubis
887 735 1024 795 stautem
1038 731 1075 793 iu
1090 731 1195 796 iauua
1209 730 1427 805 tabernaculi,

289 840 319 899 et
347 841 436 900 staus
462 839 545 899 totus
570 834 706 916 populus
734 837 952 900 adorauerunt
985 835 1201 916 uuusquisque
1227 834 1271 897 ad
1300 835 1427 898 ostium

291 936 496 1018 tabernaculi,
512 941 540 1004 ct
555 937 675 1002 locutus
689 941 733 1000 cst
747 937 894 1002 domium
911 937 955 1000 ad
969 937 1101 1020 Moyseu
1109 936 1227 1018 palam
1241 937 1278 999 iu
1287 936 1426 1017 palam,
1454 950 1466 988 ⁵

291 1039 551 1121 quemadmodum
566 1038 637 1121 quis
652 1037 792 1120 loquitur
807 1039 850 1104 ad
865 1040 1003 1103 amicum
1019 1059 1122 1104 suum.
1150 1039 1297 1102 miuister
1312 1043 1426 1103 autem

291 1141 409 1206 Hiesus
436 1142 526 1223 tilius
547 1143 642 1208 Naue
669 1141 780 1206 iuuior
805 1161 871 1206 uou
892 1142 1012 1206 exiebat
1039 1143 1077 1206 de
1105 1142 1316 1208 taberuaculo.
1364 1161 1425 1224 per

291 1244 375 1327 quod
401 1243 520 1309 factum
549 1243 708 1310 ostensum
738 1245 786 1309 est
813 1263 870 1310 uos
898 1244 930 1310 in
958 1245 1052 1309 deum
1078 1245 1246 1328 peccantes
1267 1245 1424 1309 uitandos

290 1347 562 1429 secedendumque
586 1365 654 1412 esse
680 1365 698 1410 a
720 1346 818 1412 uobis.
857 1347 914 1412 sed
935 1346 1052 1430 inquit:
1083 1365 1157 1413 ecee
1185 1349 1312 1432 Moyses
1339 1347 1423 1412 licet

291 1451 350 1514 aiio
372 1451 404 1514 in
425 1449 495 1514 loco
523 1449 667 1514 habuerit
693 1449 943 1528 tabernaculum,
971 1451 1161 1516 tamennon
1190 1450 1330 1515 deseruit
1357 1469 1422 1532 po·
1437 1461 1463 1499 ¹⁰

288 1554 406 1636 pulum,
436 1553 492 1620 sed
520 1553 662 1618 hortatus
691 1554 740 1618 est
767 1571 820 1617 sos
849 1553 1005 1636 corrigere
1032 1553 1102 1617 uias
1125 1571 1263 1618 errorum
1287 1572 1422 1618 sucrum

291 1655 348 1721 deo
377 1655 519 1739 propitio.
564 1674 620 1721 nec
644 1656 676 1720 hi
699 1656 752 1739 qui
774 1656 830 1721 tuo
853 1655 1018 1738 sacnlegio
1040 1655 1167 1721 misceri
1188 1657 1423 1721 recusauerunt

290 1758 403 1824 desunt
425 1760 463 1825 ab
485 1759 534 1824 his
550 1757 676 1833 officiis;
701 1756 764 1821 dici
780 1756 895 1821 etenim
909 1756 968 1821 tibi
983 1757 1157 1840 cognoscis,
1180 1757 1241 1823 nisi
1256 1759 1327 1822 uias
1343 1776 1422 1823 cor-

286 1863 405 1929 rexeris
426 1864 509 1941 tuas,
533 1860 617 1944 quod
639 1861 681 1926 sis
704 1859 736 1923 in
759 1861 921 1925 aeternum
943 1861 1109 1942 periturus.

331 1967 371 2028 ΙΙ.
395 1965 433 2028 Id
449 1964 532 2048 quod
551 1981 624 2047 ergo
639 1961 802 2028 intendere
818 1981 1022 2045 coeperamus
1035 1981 1095 2046 quo
1107 1963 1232 2046 penitus
1243 1982 1419 2045 passumus
1434 1973 1459 2012 1⁵

286 2068 458 2150 perducere
476 2068 516 2132 ad
530 2065 755 2150 probationem,
772 2065 917 2148 quotiens
929 2065 1138 2130 murmurauit
1151 2067 1284 2148 populus
1303 2067 1419 2131 contra

288 2170 381 2235 deum
411 2172 442 2235 et
468 2170 701 2236 insurrexerunt
727 2169 759 2233 in
788 2169 932 2254 Moysen,
965 2169 1074 2252 legisti
1103 2168 1195 2233 deum
1225 2168 1342 2233 dixisse
1372 2169 1418 2233 ad

285 2275 415 2358 Moysen
439 2273 470 2337 et
491 2273 612 2338 Aaron:
634 2275 762 2339 secedite
777 2295 792 2339 c
806 2275 907 2339 medio
921 2274 1032 2355 populi
1049 2272 1147 2337 buius
1161 2273 1414 2356 indiscipliuati,

285 2382 489 2455 coutamaces,
513 2381 542 2441 ct
563 2377 746 2459 disperdam
768 2396 817 2442 eos
839 2396 900 2460 eqo.
932 2375 1007 2458 quid
1025 2375 1121 2458 igitur
1137 2393 1192 2440 nos
1214 2375 1284 2441 uult
1305 2375 1415 2441 tacere

283 2478 344 2545 nisi
366 2477 401 2544 ut
423 2498 480 2545 uos
500 2477 750 2562 indisciplinatos
773 2480 805 2544 et
826 2480 1027 2545 contumaces
1054 2477 1221 2563 fugiamus,
1250 2498 1288 2544 ne
1317 2479 1416 2545 simul
1429 2504 1453 2544 u

285 2582 449 2648 uobiscum
471 2582 554 2647 sicut
574 2580 622 2645 ilii
646 2582 698 2664 qui
721 2601 792 2646 cum
816 2582 916 2648 Chore
938 2583 1063 2648 Dathan
1094 2582 1125 2647 et
1147 2582 1263 2647 Abircn
1287 2582 1416 2647 buerant

285 2684 452 2749 coadunati
467 2688 653 2766 pereamus?
677 2684 731 2750 aut
748 2685 877 2768 negabis
892 2687 925 2750 tc
939 2684 1206 2767 indisciplinatum
1222 2686 1316 2767 atque
1332 2704 1413 2749 con-

283 2790 463 2853 tumacem?
484 2788 606 2870 respice
630 2788 719 2853 actus
740 2787 812 2853 tuos
828 2788 912 2852 circa
928 2787 1044 2852 domini
1061 2787 1212 2852 exhibitos
1229 2788 1412 2865 ecclesiam,

284 2892 317 2955 et
337 2890 477 2971 inuenies
501 2910 594 2973 quam
617 2891 660 2955 sis
682 2890 932 2973 indisciplinatus
956 2890 1049 2973 atque
1072 2890 1247 2955 contumax.
1270 2890 1303 2955 in
1324 2891 1411 2956 Deu-

282 2993 455 3059 teronomio
480 2993 556 3058 dicit
577 2994 718 3079 Moyses:
741 3014 807 3058 uou
824 2994 950 3075 possetis
971 2995 1014 3059 aa
1037 3012 1085 3058 eos
1110 2998 1330 3059 testamcutum
1352 3014 1411 3058 ue-
1427 3015 1452 3054 ss

283 3118 340 3180 que
361 3098 578 3162 misereamiui
600 3097 654 3173 cis,
678 3116 775 3177 meque
797 3095 928 3159 tradetis
950 3095 995 3159 eis
1015 3094 1104 3177 filias
1125 3100 1249 3161 uestras
1272 3100 1410 3177 nuptum

282 3220 381 3281 meque
403 3198 493 3264 dabis
514 3200 584 3281 filio
609 3203 661 3264 tuo
683 3198 787 3281 filiam
807 3198 915 3282 illius3
937 3199 1059 3263 seducet
1080 3198 1165 3263 euim
1185 3199 1292 3279 filium
1314 3204 1406 3262 tuum

285 3322 306 3365 a
329 3322 377 3366 me
399 3306 429 3366 ct
449 3302 565 3366 seruiet
585 3302 649 3366 diis
672 3300 796 3380 alicuis,
821 3305 850 3365 ct
870 3302 1026 3367 irascetur
1046 3303 1099 3365 ira
1121 3302 1268 3365 doruiuus
1289 3302 1326 3364 iu
1346 3320 1406 3365 uos

282 3408 310 3469 ct
342 3404 562 3468 cctcrmiuabit
594 3409 622 3467 te
654 3405 724 3471 cito.
769 3422 842 3467 cum
870 3402 948 3468 haec
978 3404 1108 3467 mandet
1136 3402 1215 3482 fieri,
1250 3402 1406 3486 quomedo
1511 3403 1512 3408 ’

281 3524 448 3589 possumus
470 3505 634 3571 uobiscum
658 3506 835 3584 conuenire,
858 3505 1023 3571 uobiscum
1044 3524 1155 3588 pacem
1177 3507 1303 3583 habere,
1333 3524 1404 3569 cum
1418 3527 1448 3567 so
1511 3563 1512 3584 ,

181 3613 200 3657 V
280 3608 483 3691 negatoribus
505 3608 589 3672 unici
612 3608 663 3674 dei
685 3608 764 3673 filii?
798 3607 954 3691 quomodo
976 3610 1179 3691 potueramus
1200 3609 1295 3673 istam
1316 3609 1404 3672 tuam

273 3712 410 3795 implere
432 3710 650 3777 uoluntatem?
687 3729 759 3775 cum
783 3711 876 3775 deum
904 3710 1015 3775 uideas
1044 3711 1159 3777 dixisse
1191 3731 1247 3794 per
1274 3712 1404 3796 Moysen

382 3865 415 3918 18
432 3864 507 3919 Num.
526 3864 567 3930 16,
585 3865 617 3918 21
688 3864 721 3916 25
738 3864 819 3918 Deut.
837 3864 862 3927 7,
881 3865 904 3917 2.
923 3866 939 3918 3

331 4000 487 4057 iexibetc
567 4003 689 4071 binquis
707 4002 774 4068 fort.
858 4002 889 4053 15
906 4002 1029 4070 paenitus
1110 4002 1142 4055 17
1160 4000 1251 4070 legisti
1266 4019 1293 4065 c,
1311 4000 1405 4055 dixisti

282 4090 309 4144 V
394 4088 424 4141 18
442 4104 504 4141 arou
522 4094 590 4143 uei
688 4086 881 4156 indisciplinati
899 4091 959 4141 etc
1063 4088 1095 4141 19
1113 4088 1276 4141 contumacis
1298 4088 1337 4141 Vc

278 4173 310 4227 21
331 4187 388 4227 care
476 4172 568 4227 abiran
655 4172 947 4241 cesaraugusta
969 4175 1140 4238 V,eorumc
1225 4172 1338 4227 nubtum

279 4258 311 4311 27
330 4257 437 4312 seducet
