3050 5000
350 377 413 442 212
842 372 996 429 Luciferi

349 566 461 629 derunt
488 563 697 645 patriarchae,
732 580 789 626 our
823 562 935 628 beatus
963 562 1082 627 Paulus
1116 580 1225 627 omnes
1260 562 1298 627 ad
1323 562 1426 630 Abrahae

346 666 660 749 conprehendendam
682 666 836 748 prouocat
857 666 975 731 fidem?
1019 665 1077 731 sed
1097 665 1220 748 inquis:
1249 686 1300 750 epo
1319 672 1344 732 lc
1362 688 1426 752 ape

346 792 403 836 car
423 769 566 835 insoleus
588 770 643 854 sis,
668 789 726 834 aar
747 769 990 835 contameliosus
1012 771 1203 851 imperatori
1216 771 1360 849 mimam
1378 776 1426 837 cite

344 874 419 955 fidoi
442 892 573 938 causam
596 873 720 938 caeeis.
761 871 838 937 fidei
860 872 980 955 utique,
1008 872 1045 936 ut
1066 874 1196 955 probem
1223 872 1257 938 te
1281 892 1343 938 esee
1361 876 1426 937 sacri-

344 978 460 1059 legum,
484 976 521 1040 ut
541 978 672 1059 probem
694 977 727 1042 te
751 996 770 1041 a
791 976 845 1041 uia
869 976 1063 1041 deorbitasse
1086 975 1247 1050 ueritatis3
1270 975 1337 1039 hine
1350 976 1443 1040 contu-⁵

342 1080 494 1144 meliosus
510 1079 570 1144 tibi
585 1079 705 1158 uideor,
729 1080 805 1162 qnia
820 1079 925 1144 dicam
939 1078 999 1144 tibi
1015 1078 1193 1143 deseruisse
1208 1078 1243 1141 te
1259 1077 1317 1141 iter
1331 1078 1425 1141 omnim

346 1182 397 1245 dei
420 1182 577 1246 cultorum
606 1182 701 1263 atque
729 1181 993 1264 conprehendisse
1015 1180 1105 1245 illam
1128 1198 1224 1262 quam
1246 1180 1392 1244 tenuerunt
1406 1201 1426 1245 ae

344 1284 416 1348 sant
438 1284 582 1349 tenentes
611 1284 643 1348 hi
677 1284 731 1366 qui
752 1304 814 1349 non
839 1283 907 1362 deo,
938 1283 995 1349 sod
1021 1283 1206 1366 phantasiae
1238 1284 1426 1347 semiermtae

346 1389 418 1451 sunt
441 1388 624 1452 saeuientes.
670 1387 709 1451 de
736 1387 769 1450 te
796 1387 904 1470 itaque
933 1404 952 1451 a
982 1385 1041 1451 deo
1070 1405 1121 1451 me
1148 1386 1300 1451 recedere
1327 1386 1426 1451 suadenti

349 1490 456 1571 accipe
479 1490 556 1571 quid
578 1490 716 1554 sanxerii
738 1489 808 1554 fieri
832 1490 909 1555 deus
924 1507 980 1571 per
994 1490 1123 1555 Mosen:
1146 1490 1175 1554 si
1190 1495 1296 1555 uatem
1312 1490 1442 1571 raccath

348 1598 375 1656 ic
397 1593 500 1674 frater
521 1599 596 1658 tuas
617 1613 657 1658 ca
675 1598 769 1673 patre
790 1594 842 1658 ael
864 1598 966 1659 matre
988 1597 1047 1657 out
1059 1592 1149 1675 filias
1164 1597 1241 1657 taus
1257 1596 1314 1657 out
1326 1592 1427 1674 etliota

345 1700 403 1759 acet
430 1695 547 1761 mulier
572 1716 652 1778 puae
678 1697 717 1759 ia
736 1696 857 1778 premio
882 1700 934 1759 tuo
955 1700 1000 1759 est
1026 1698 1086 1759 aut
1113 1696 1238 1761 amicas
1267 1696 1321 1777 qui
1340 1694 1426 1758 onina

343 1802 579 1880 inceperat,
604 1798 688 1863 olom
716 1798 840 1863 dicem:
873 1816 982 1863 comas
1009 1802 1040 1863 ct
1066 1799 1250 1863 secaiomas
1279 1798 1327 1863 dis
1351 1796 1426 1861 abab

342 1919 418 1983 quos
440 1901 542 1965 crescis
564 1921 621 1966 aec
647 1906 757 1983 potres
785 1902 843 1981 tui,
877 1922 916 1967 ea
942 1901 1007 1967 diis
1030 1903 1199 1967 nationum
1229 1921 1309 1984 qaue
1334 1900 1426 1965 circat

338 2004 488 2086 proxime
509 2009 566 2069 out
590 2005 689 2088 eope,
713 2024 753 2069 coe
775 2004 857 2069 aclis
879 2006 927 2069 irc
948 2022 1019 2071 cum
1041 2003 1148 2069 ilicet
1169 2024 1209 2069 aee
1235 2004 1368 2069 audieris
1378 2020 1441 2079 aab

340 2126 407 2171 ooo
432 2112 545 2188 parcet
573 2106 682 2172 malus
709 2112 783 2173 taus
812 2127 909 2191 sapor
936 2129 1008 2173 mm
1036 2128 1092 2175 aec
1125 2108 1285 2175 salutabis
1315 2127 1375 2173 eom
1395 2124 1426 2170 aa

338 2208 457 2274 celabis
480 2230 562 2275 cam,
586 2211 790 2275 &bunione
805 2211 1018 2276 adnuntiabis
1038 2211 1077 2277 de
1092 2231 1133 2277 eo.
1157 2232 1280 2277 manas
1292 2216 1357 2276 tuoe
1369 2211 1425 2273 crea

341 2314 377 2376 la
395 2316 471 2377 'cam
494 2312 672 2395 inprimis
699 2314 743 2379 ad
765 2314 965 2379 occidendum
992 2332 1063 2379 eam
1091 2319 1120 2379 et
1147 2334 1267 2381 monas
1291 2314 1386 2397 populi
1399 2311 1425 2375 toi

339 2416 376 2479 ia
387 2416 572 2480 nouissimo.
596 2419 627 2479 et
636 2416 825 2498 lapidabitis
835 2417 941 2500 illam,
954 2421 982 2481 a
993 2418 1156 2501 morietur,
1170 2420 1324 2502 quoniam
1334 2414 1425 2500 quood

339 2519 488 2584 obsistere
510 2540 531 2582 a
552 2519 682 2585 domim
709 2521 766 2585 deo
791 2524 853 2584 tao.
898 2521 1101 2604 praeceptum
1128 2522 1162 2586 te
1190 2521 1325 2586 interfici
1350 2519 1440 2602 qnippe

341 2623 435 2686 deum
450 2641 502 2685 me
525 2622 744 2705 derelinquere
757 2623 948 2690 innitentem
962 2625 1112 2707 ignorans
1128 2624 1224 2689 diois:
1249 2621 1424 2690 contumelia

339 2724 422 2789 mibi
444 2725 527 2806 facit
547 2725 688 2809 Lucifer.
734 2727 789 2790 aut
810 2728 941 2810 negabis
962 2728 996 2792 te
1020 2727 1060 2792 ad
1081 2727 1297 2792 idololatriam
1317 2725 1424 2792 mutam

341 2846 398 2891 nos
420 2828 676 2910 suscipiendam?
698 2829 726 2894 ei
748 2848 859 2895 censes
880 2831 1070 2914 negandum,
1100 2830 1290 2896 oonuinosnt
1315 2831 1343 2894 te
1364 2843 1423 2908 erpo·

339 2929 470 2996 sitiones
494 2933 603 2995 sectae
623 2931 699 2995 tuae
722 2932 950 3014 episcoporum,
979 2933 1296 3015 conblasphemorum
1317 2925 1424 2996 uideheet

338 3034 481 3109 tuorum;
516 3035 704 3100 conninoont
731 3034 765 3100 te
793 3035 894 3100 libelli
921 3035 1047 3101 recitati
1077 3055 1095 3101 a
1122 3037 1156 3101 te
1186 3055 1222 3100 ao
1255 3035 1319 3100 dati
1344 3035 1439 3098 mnae

339 3136 494 3220 episeopis
525 3138 621 3202 etiarn
651 3138 817 3204 oatholiois
847 3139 968 3205 adhoc
991 3139 1151 3219 uidelicet,
1181 3141 1217 3204 ut
1240 3139 1322 3204 omni
1340 3138 1367 3201 in
1382 3135 1423 3198 loco

336 3241 393 3303 tua
414 3241 555 3305 roborari
576 3242 684 3322 posset
705 3241 911 3323 blasphemia.

379 3344 439 3406 111.
464 3343 550 3424 Quas
572 3343 740 3408 incurreris
755 3362 896 3408 errorum
918 3345 1065 3411 tenebras
1088 3363 1148 3410 non
1164 3345 1285 3410 sends?
1306 3362 1358 3408 non
1375 3357 1422 3402 con-

337 3445 432 3527 spicis
448 3464 509 3528 quo
520 3446 622 3527 possis
636 3446 739 3529 perire
753 3445 869 3512 modo?
885 3447 1010 3529 quando
1026 3446 1146 3528 uideas,
1163 3465 1219 3511 our
1234 3447 1339 3513 eontra
1353 3440 1422 3508 diuina

337 3547 448 3612 fecerit
469 3548 589 3612 monita
611 3549 716 3612 hohar
737 3567 819 3612 unus
842 3567 859 3614 e
880 3549 1006 3632 populo,
1037 3568 1093 3614 eur
1113 3549 1197 3615 furto
1220 3544 1386 3616 abstuhssot
1400 3539 1440 3602 ebo

336 3649 486 3715 Hiericho
499 3651 620 3716 certam
634 3652 757 3732 partem
768 3652 868 3718 uestis
882 3653 1004 3736 argenti
1018 3653 1157 3736 aurique,
1177 3654 1299 3742 (quod)
1313 3652 1352 3718 sic
1361 3643 1422 3714 heht

441 3854 474 3907 10
491 3855 571 3910 Dent.
591 3856 632 3921 13,
651 3857 736 3911 6-10

386 4043 547 4111 litaqueo
596 4041 808 4118 1Biantaoiae
902 4044 935 4098 10
953 4046 1084 4099 sancierit
1158 4045 1191 4099 13
1209 4044 1292 4099 diiso
1357 4037 1381 4093 15
1393 4033 1421 4087 ⁸¹1¹

334 4128 449 4195 proxime
462 4131 534 4183 auto
602 4128 1002 4184 20abeietereteGallaadiecs
1070 4132 1239 4200 praeceptum
1251 4143 1305 4184 esse
1319 4124 1376 4182 Gall.

335 4211 456 4266 dicistis
559 4214 591 4267 31
611 4215 681 4284 qnod
698 4215 805 4270 addidi
822 4222 849 4270 et
867 4217 1065 4287 iatcrropaadi
1083 4217 1194 4287 cepaea
1208 4234 1240 4286 p.
1257 4219 1309 4272 213
1325 4213 1339 4268 l.
1354 4205 1419 4278 ibid

331 4313 384 4353 nou
401 4301 530 4368 conspicis
547 4330 583 4340 —
600 4301 686 4367 modo,
706 4301 810 4371 quando
828 4333 863 4343 -
879 4305 963 4357 morte
982 4302 1088 4358 sustuli
