<?xml version="1.0" encoding="UTF-8"?>
<!DOCTYPE html PUBLIC "-//W3C//DTD XHTML 1.0 Transitional//EN"
    "http://www.w3.org/TR/xhtml1/DTD/xhtml1-transitional.dtd">
<html xmlns="http://www.w3.org/1999/xhtml" xml:lang="en" lang="en">
 <head>
  <title>
</title>
<meta http-equiv="Content-Type" content="text/html;charset=utf-8" />
  <meta name='ocr-system' content='tesseract 3.04.00' />
  <meta name='ocr-capabilities' content='ocr_page ocr_carea ocr_par ocr_line ocrx_word'/>
</head>
<body>
  <div class='ocr_page' id='page_1' title='image "./corpusscriptoru03wissgoog_0327.png"; bbox 0 0 3050 5000; ppageno 0'>
   <div class='ocr_carea' id='block_1_1' title="bbox 322 382 964 452">
    <p class='ocr_par' dir='ltr' id='par_1_1' title="bbox 322 382 964 452">
     <span class='ocr_line' id='line_1_1' title="bbox 322 382 964 452; baseline 0.003 -18"><span class='ocrx_word' id='word_1_1' title='bbox 322 386 387 452; x_wconf 75' lang='lat'>278</span> <span class='ocrx_word' id='word_1_2' title='bbox 814 382 964 437; x_wconf 77' lang='lat' dir='ltr'>Luciferi</span> 
     </span>
    </p>
   </div>
   <div class='ocr_carea' id='block_1_2' title="bbox 321 572 1478 3857">
    <p class='ocr_par' dir='ltr' id='par_1_2' title="bbox 321 572 1478 3857">
     <span class='ocr_line' id='line_1_2' title="bbox 324 572 1460 657; baseline -0.007 -18"><span class='ocrx_word' id='word_1_3' title='bbox 324 574 486 657; x_wconf 87' lang='lat' dir='ltr'>apostolus</span> <span class='ocrx_word' id='word_1_4' title='bbox 501 572 630 637; x_wconf 80' lang='lat' dir='ltr'>dixerit:</span> <span class='ocrx_word' id='word_1_5' title='bbox 652 574 730 638; x_wconf 82' lang='lat' dir='ltr'>baec</span> <span class='ocrx_word' id='word_1_6' title='bbox 750 573 876 655; x_wconf 73' lang='lat' dir='ltr'>iopam</span> <span class='ocrx_word' id='word_1_7' title='bbox 896 577 927 637; x_wconf 86' lang='lat' dir='ltr'>et</span> <span class='ocrx_word' id='word_1_8' title='bbox 940 572 1107 637; x_wconf 65' lang='lat' dir='ltr'>abarim</span> <span class='ocrx_word' id='word_1_9' title='bbox 1120 575 1150 635; x_wconf 87' lang='lat' dir='ltr'>et</span> <span class='ocrx_word' id='word_1_10' title='bbox 1165 591 1276 654; x_wconf 74' lang='lat' dir='ltr'>arque</span> <span class='ocrx_word' id='word_1_11' title='bbox 1291 589 1370 634; x_wconf 84' lang='lat' dir='ltr'>cnm</span> <span class='ocrx_word' id='word_1_12' title='bbox 1384 572 1460 632; x_wconf 71' lang='lat' dir='ltr'>oniti</span> 
     </span>
     <span class='ocr_line' id='line_1_3' title="bbox 323 671 1459 758; baseline -0.007 -16"><span class='ocrx_word' id='word_1_13' title='bbox 323 678 473 758; x_wconf 58' lang='lat' dir='ltr'>imperim</span> <span class='ocrx_word' id='word_1_14' title='bbox 505 698 596 741; x_wconf 90' lang='lat' dir='ltr'>nemo</span> <span class='ocrx_word' id='word_1_15' title='bbox 623 680 653 741; x_wconf 82' lang='lat' dir='ltr'>te</span> <span class='ocrx_word' id='word_1_16' title='bbox 679 680 867 741; x_wconf 71' lang='lat' dir='ltr'>contenent.</span> <span class='ocrx_word' id='word_1_17' title='bbox 905 674 982 757; x_wconf 86' lang='lat' dir='ltr'>quid</span> <span class='ocrx_word' id='word_1_18' title='bbox 1005 675 1088 739; x_wconf 92' lang='lat' dir='ltr'>enim</span> <span class='ocrx_word' id='word_1_19' title='bbox 1109 674 1143 738; x_wconf 86' lang='lat' dir='ltr'>te</span> <span class='ocrx_word' id='word_1_20' title='bbox 1166 674 1311 738; x_wconf 80' lang='lat' dir='ltr'>hortor?</span> <span class='ocrx_word' id='word_1_21' title='bbox 1345 671 1406 735; x_wconf 85' lang='lat' dir='ltr'>nisi</span> <span class='ocrx_word' id='word_1_22' title='bbox 1434 677 1459 734; x_wconf 90' lang='lat' dir='ltr'>ut</span> 
     </span>
     <span class='ocr_line' id='line_1_4' title="bbox 323 775 1458 860; baseline -0.007 -15"><span class='ocrx_word' id='word_1_23' title='bbox 323 798 384 845; x_wconf 89' lang='lat' dir='ltr'>non</span> <span class='ocrx_word' id='word_1_24' title='bbox 407 780 451 844; x_wconf 89' lang='lat' dir='ltr'>sis</span> <span class='ocrx_word' id='word_1_25' title='bbox 472 778 641 857; x_wconf 77' lang='lat' dir='ltr'>homicida,</span> <span class='ocrx_word' id='word_1_26' title='bbox 663 782 700 844; x_wconf 90' lang='lat' dir='ltr'>ut</span> <span class='ocrx_word' id='word_1_27' title='bbox 722 778 774 843; x_wconf 89' lang='lat' dir='ltr'>dei</span> <span class='ocrx_word' id='word_1_28' title='bbox 797 798 857 843; x_wconf 91' lang='lat' dir='ltr'>nou</span> <span class='ocrx_word' id='word_1_29' title='bbox 879 778 1080 860; x_wconf 87' lang='lat' dir='ltr'>persequaris</span> <span class='ocrx_word' id='word_1_30' title='bbox 1104 776 1251 853; x_wconf 90' lang='lat' dir='ltr'>domum,</span> <span class='ocrx_word' id='word_1_31' title='bbox 1278 778 1320 840; x_wconf 89' lang='lat' dir='ltr'>ut</span> <span class='ocrx_word' id='word_1_32' title='bbox 1339 775 1458 850; x_wconf 78' lang='lat' dir='ltr'>desinas</span> 
     </span>
     <span class='ocr_line' id='line_1_5' title="bbox 322 878 1458 965; baseline -0.007 -18"><span class='ocrx_word' id='word_1_33' title='bbox 322 884 470 965; x_wconf 86' lang='lat' dir='ltr'>torquere</span> <span class='ocrx_word' id='word_1_34' title='bbox 502 883 698 965; x_wconf 77' lang='lat' dir='ltr'>proscribere</span> <span class='ocrx_word' id='word_1_35' title='bbox 733 882 898 964; x_wconf 86' lang='lat' dir='ltr'>deportare</span> <span class='ocrx_word' id='word_1_36' title='bbox 931 879 1095 945; x_wconf 81' lang='lat' dir='ltr'>recludere</span> <span class='ocrx_word' id='word_1_37' title='bbox 1129 898 1268 943; x_wconf 87' lang='lat' dir='ltr'>carcere</span> <span class='ocrx_word' id='word_1_38' title='bbox 1303 878 1458 941; x_wconf 83' lang='lat' dir='ltr'>trucidare</span> 
     </span>
     <span class='ocr_line' id='line_1_6' title="bbox 323 981 1478 1069; baseline -0.009 -18"><span class='ocrx_word' id='word_1_39' title='bbox 323 986 411 1051; x_wconf 89' lang='lat' dir='ltr'>uarie</span> <span class='ocrx_word' id='word_1_40' title='bbox 441 985 622 1069; x_wconf 83' lang='lat' dir='ltr'>disperdere</span> <span class='ocrx_word' id='word_1_41' title='bbox 651 985 829 1050; x_wconf 86' lang='lat' dir='ltr'>interlicere</span> <span class='ocrx_word' id='word_1_42' title='bbox 858 1004 911 1050; x_wconf 87' lang='lat' dir='ltr'>eos</span> <span class='ocrx_word' id='word_1_43' title='bbox 938 1003 1016 1067; x_wconf 90' lang='lat' dir='ltr'>qnos</span> <span class='ocrx_word' id='word_1_44' title='bbox 1039 1002 1150 1047; x_wconf 89' lang='lat' dir='ltr'>cernas</span> <span class='ocrx_word' id='word_1_45' title='bbox 1174 981 1404 1048; x_wconf 82' lang='lat' dir='ltr'>Christianos.</span> <span class='ocrx_word' id='word_1_46' title='bbox 1430 989 1478 1042; x_wconf 65' lang='lat' dir='ltr'>urz</span> 
     </span>
     <span class='ocr_line' id='line_1_7' title="bbox 324 1084 1456 1172; baseline -0.005 -19"><span class='ocrx_word' id='word_1_47' title='bbox 324 1090 450 1155; x_wconf 78' lang='lat' dir='ltr'>desinas</span> <span class='ocrx_word' id='word_1_48' title='bbox 474 1089 607 1172; x_wconf 88' lang='lat' dir='ltr'>denique</span> <span class='ocrx_word' id='word_1_49' title='bbox 629 1090 850 1171; x_wconf 76' lang='lat' dir='ltr'>blasphemare</span> <span class='ocrx_word' id='word_1_50' title='bbox 872 1088 1000 1153; x_wconf 89' lang='lat' dir='ltr'>unicum</span> <span class='ocrx_word' id='word_1_51' title='bbox 1024 1088 1074 1152; x_wconf 91' lang='lat' dir='ltr'>dei</span> <span class='ocrx_word' id='word_1_52' title='bbox 1096 1087 1218 1164; x_wconf 89' lang='lat' dir='ltr'>filium,</span> <span class='ocrx_word' id='word_1_53' title='bbox 1244 1086 1287 1149; x_wconf 88' lang='lat' dir='ltr'>ut</span> <span class='ocrx_word' id='word_1_54' title='bbox 1313 1084 1456 1167; x_wconf 87' lang='lat' dir='ltr'>apostoli·</span> 
     </span>
     <span class='ocr_line' id='line_1_8' title="bbox 324 1190 1455 1277; baseline -0.004 -20"><span class='ocrx_word' id='word_1_55' title='bbox 324 1212 396 1257; x_wconf 90' lang='lat' dir='ltr'>carn</span> <span class='ocrx_word' id='word_1_56' title='bbox 424 1195 578 1277; x_wconf 88' lang='lat' dir='ltr'>suscipias</span> <span class='ocrx_word' id='word_1_57' title='bbox 608 1213 703 1275; x_wconf 88' lang='lat' dir='ltr'>qnam</span> <span class='ocrx_word' id='word_1_58' title='bbox 731 1194 925 1257; x_wconf 88' lang='lat' dir='ltr'>haereticam</span> <span class='ocrx_word' id='word_1_59' title='bbox 959 1192 1039 1257; x_wconf 89' lang='lat' dir='ltr'>dicis</span> <span class='ocrx_word' id='word_1_60' title='bbox 1071 1190 1184 1258; x_wconf 86' lang='lat' dir='ltr'>fidem.</span> <span class='ocrx_word' id='word_1_61' title='bbox 1221 1192 1313 1254; x_wconf 89' lang='lat' dir='ltr'>banc</span> <span class='ocrx_word' id='word_1_62' title='bbox 1349 1190 1455 1255; x_wconf 79' lang='lat' dir='ltr'>scilicet</span> 
     </span>
     <span class='ocr_line' id='line_1_9' title="bbox 322 1296 1454 1380; baseline -0.003 -19"><span class='ocrx_word' id='word_1_63' title='bbox 322 1298 464 1361; x_wconf 87' lang='lat' dir='ltr'>nostram</span> <span class='ocrx_word' id='word_1_64' title='bbox 493 1317 588 1380; x_wconf 87' lang='lat' dir='ltr'>quam</span> <span class='ocrx_word' id='word_1_65' title='bbox 618 1298 701 1379; x_wconf 91' lang='lat' dir='ltr'>apud</span> <span class='ocrx_word' id='word_1_66' title='bbox 727 1298 852 1361; x_wconf 77' lang='lat' dir='ltr'>Niciam</span> <span class='ocrx_word' id='word_1_67' title='bbox 873 1298 907 1360; x_wconf 87' lang='lat' dir='ltr'>te</span> <span class='ocrx_word' id='word_1_68' title='bbox 930 1297 1039 1361; x_wconf 89' lang='lat' dir='ltr'>contra</span> <span class='ocrx_word' id='word_1_69' title='bbox 1062 1298 1093 1359; x_wconf 89' lang='lat' dir='ltr'>et</span> <span class='ocrx_word' id='word_1_70' title='bbox 1115 1296 1255 1359; x_wconf 87' lang='lat' dir='ltr'>cunctos</span> <span class='ocrx_word' id='word_1_71' title='bbox 1286 1296 1454 1359; x_wconf 87' lang='lat' dir='ltr'>haereticos</span> 
     </span>
     <span class='ocr_line' id='line_1_10' title="bbox 325 1398 1453 1485; baseline -0.004 -20"><span class='ocrx_word' id='word_1_72' title='bbox 325 1402 462 1483; x_wconf 84' lang='lat' dir='ltr'>episcopi</span> <span class='ocrx_word' id='word_1_73' title='bbox 487 1402 735 1485; x_wconf 81' lang='lat' dir='ltr'>descripsemut.</span> <span class='ocrx_word' id='word_1_74' title='bbox 764 1404 801 1465; x_wconf 88' lang='lat' dir='ltr'>ut</span> <span class='ocrx_word' id='word_1_75' title='bbox 824 1402 867 1466; x_wconf 88' lang='lat' dir='ltr'>sis</span> <span class='ocrx_word' id='word_1_76' title='bbox 890 1401 1023 1465; x_wconf 88' lang='lat' dir='ltr'>credens</span> <span class='ocrx_word' id='word_1_77' title='bbox 1046 1401 1139 1466; x_wconf 90' lang='lat' dir='ltr'>sicuti</span> <span class='ocrx_word' id='word_1_78' title='bbox 1162 1419 1222 1464; x_wconf 91' lang='lat' dir='ltr'>nos</span> <span class='ocrx_word' id='word_1_79' title='bbox 1256 1398 1453 1480; x_wconf 73' lang='lat' dir='ltr'>dignerisque</span> 
     </span>
     <span class='ocr_line' id='line_1_11' title="bbox 322 1504 1466 1589; baseline -0.001 -23"><span class='ocrx_word' id='word_1_80' title='bbox 322 1522 471 1586; x_wconf 87' lang='lat' dir='ltr'>respuere</span> <span class='ocrx_word' id='word_1_81' title='bbox 492 1505 705 1571; x_wconf 80' lang='lat' dir='ltr'>idololatriam</span> <span class='ocrx_word' id='word_1_82' title='bbox 726 1525 783 1587; x_wconf 91' lang='lat' dir='ltr'>per</span> <span class='ocrx_word' id='word_1_83' title='bbox 798 1506 924 1569; x_wconf 83' lang='lat' dir='ltr'>Arrium</span> <span class='ocrx_word' id='word_1_84' title='bbox 940 1506 1126 1589; x_wconf 82' lang='lat' dir='ltr'>magistrum</span> <span class='ocrx_word' id='word_1_85' title='bbox 1149 1507 1244 1569; x_wconf 89' lang='lat' dir='ltr'>tuum</span> <span class='ocrx_word' id='word_1_86' title='bbox 1270 1504 1466 1569; x_wconf 75' lang='lat' dir='ltr'>institutam</span> 
     </span>
     <span class='ocr_line' id='line_1_12' title="bbox 322 1606 1452 1685; baseline -0.004 -14"><span class='ocrx_word' id='word_1_87' title='bbox 322 1607 361 1671; x_wconf 89' lang='lat' dir='ltr'>ut</span> <span class='ocrx_word' id='word_1_88' title='bbox 382 1608 595 1673; x_wconf 87' lang='lat' dir='ltr'>Christianum</span> <span class='ocrx_word' id='word_1_89' title='bbox 616 1610 649 1673; x_wconf 88' lang='lat' dir='ltr'>te</span> <span class='ocrx_word' id='word_1_90' title='bbox 672 1609 833 1678; x_wconf 81' lang='lat' dir='ltr'>clamites,</span> <span class='ocrx_word' id='word_1_91' title='bbox 862 1628 922 1674; x_wconf 91' lang='lat' dir='ltr'>non</span> <span class='ocrx_word' id='word_1_92' title='bbox 951 1610 1135 1685; x_wconf 65' lang='lat' dir='ltr'>manum,</span> <span class='ocrx_word' id='word_1_93' title='bbox 1166 1611 1204 1672; x_wconf 86' lang='lat' dir='ltr'>ut</span> <span class='ocrx_word' id='word_1_94' title='bbox 1234 1608 1376 1673; x_wconf 87' lang='lat' dir='ltr'>desinas</span> <span class='ocrx_word' id='word_1_95' title='bbox 1403 1606 1452 1668; x_wconf 88' lang='lat' dir='ltr'>cn&#39;·</span> 
     </span>
     <span class='ocr_line' id='line_1_13' title="bbox 322 1710 1451 1793; baseline -0.002 -20"><span class='ocrx_word' id='word_1_96' title='bbox 322 1711 410 1773; x_wconf 88' lang='lat' dir='ltr'>mina</span> <span class='ocrx_word' id='word_1_97' title='bbox 430 1710 512 1775; x_wconf 85' lang='lat' dir='ltr'>falsa</span> <span class='ocrx_word' id='word_1_98' title='bbox 535 1712 585 1775; x_wconf 91' lang='lat' dir='ltr'>dei</span> <span class='ocrx_word' id='word_1_99' title='bbox 607 1712 733 1776; x_wconf 90' lang='lat' dir='ltr'>mittere</span> <span class='ocrx_word' id='word_1_100' title='bbox 757 1711 985 1777; x_wconf 88' lang='lat' dir='ltr'>sacerdotibus.</span> <span class='ocrx_word' id='word_1_101' title='bbox 1016 1714 1092 1776; x_wconf 88' lang='lat' dir='ltr'>baec</span> <span class='ocrx_word' id='word_1_102' title='bbox 1118 1712 1168 1775; x_wconf 84' lang='lat' dir='ltr'>est</span> <span class='ocrx_word' id='word_1_103' title='bbox 1191 1711 1364 1793; x_wconf 76' lang='lat' dir='ltr'>correptio</span> <span class='ocrx_word' id='word_1_104' title='bbox 1387 1726 1451 1771; x_wconf 85' lang='lat' dir='ltr'>mea</span> 
     </span>
     <span class='ocr_line' id='line_1_14' title="bbox 323 1812 1451 1897; baseline -0.004 -20"><span class='ocrx_word' id='word_1_105' title='bbox 323 1812 403 1877; x_wconf 90' lang='lat' dir='ltr'>baec</span> <span class='ocrx_word' id='word_1_106' title='bbox 427 1814 611 1897; x_wconf 87' lang='lat' dir='ltr'>cbimgatio.</span> <span class='ocrx_word' id='word_1_107' title='bbox 636 1815 796 1897; x_wconf 87' lang='lat' dir='ltr'>apostolus</span> <span class='ocrx_word' id='word_1_108' title='bbox 819 1814 895 1879; x_wconf 90' lang='lat' dir='ltr'>mibi</span> <span class='ocrx_word' id='word_1_109' title='bbox 919 1815 996 1878; x_wconf 88' lang='lat' dir='ltr'>dicit</span> <span class='ocrx_word' id='word_1_110' title='bbox 1017 1816 1054 1878; x_wconf 90' lang='lat' dir='ltr'>ut</span> <span class='ocrx_word' id='word_1_111' title='bbox 1075 1816 1107 1879; x_wconf 90' lang='lat' dir='ltr'>te</span> <span class='ocrx_word' id='word_1_112' title='bbox 1131 1832 1270 1897; x_wconf 83' lang='lat' dir='ltr'>arguam</span> <span class='ocrx_word' id='word_1_113' title='bbox 1288 1812 1451 1876; x_wconf 89' lang='lat' dir='ltr'>cumomni</span> 
     </span>
     <span class='ocr_line' id='line_1_15' title="bbox 323 1916 1450 2000; baseline -0.003 -21"><span class='ocrx_word' id='word_1_114' title='bbox 323 1916 474 1998; x_wconf 87' lang='lat' dir='ltr'>imperio,</span> <span class='ocrx_word' id='word_1_115' title='bbox 508 1918 541 1981; x_wconf 90' lang='lat' dir='ltr'>et</span> <span class='ocrx_word' id='word_1_116' title='bbox 561 1918 596 1982; x_wconf 87' lang='lat' dir='ltr'>tu</span> <span class='ocrx_word' id='word_1_117' title='bbox 620 1918 715 1983; x_wconf 86' lang='lat' dir='ltr'>dicis:</span> <span class='ocrx_word' id='word_1_118' title='bbox 749 1920 829 2000; x_wconf 75' lang='lat' dir='ltr'>fecit</span> <span class='ocrx_word' id='word_1_119' title='bbox 856 1918 937 1982; x_wconf 87' lang='lat' dir='ltr'>mibi</span> <span class='ocrx_word' id='word_1_120' title='bbox 965 1920 1125 1982; x_wconf 81' lang='lat' dir='ltr'>iniurium</span> <span class='ocrx_word' id='word_1_121' title='bbox 1148 1918 1308 1998; x_wconf 74' lang='lat' dir='ltr'>Lucifer,</span> <span class='ocrx_word' id='word_1_122' title='bbox 1348 1916 1382 1980; x_wconf 89' lang='lat' dir='ltr'>et</span> <span class='ocrx_word' id='word_1_123' title='bbox 1406 1934 1450 1977; x_wconf 84' lang='lat' dir='ltr'>non</span> 
     </span>
     <span class='ocr_line' id='line_1_16' title="bbox 325 2017 1471 2101; baseline -0.001 -20"><span class='ocrx_word' id='word_1_124' title='bbox 325 2017 421 2083; x_wconf 74' lang='lat' dir='ltr'>dicis:</span> <span class='ocrx_word' id='word_1_125' title='bbox 443 2020 495 2083; x_wconf 89' lang='lat' dir='ltr'>dei</span> <span class='ocrx_word' id='word_1_126' title='bbox 515 2020 660 2084; x_wconf 85' lang='lat' dir='ltr'>sacerdos</span> <span class='ocrx_word' id='word_1_127' title='bbox 681 2024 855 2085; x_wconf 81' lang='lat' dir='ltr'>commonet</span> <span class='ocrx_word' id='word_1_128' title='bbox 875 2026 969 2101; x_wconf 67' lang='lat' dir='ltr'>mone</span> <span class='ocrx_word' id='word_1_129' title='bbox 990 2019 1137 2085; x_wconf 80' lang='lat' dir='ltr'>bortatur</span> <span class='ocrx_word' id='word_1_130' title='bbox 1151 2022 1341 2085; x_wconf 77' lang='lat' dir='ltr'>secundnm</span> <span class='ocrx_word' id='word_1_131' title='bbox 1357 2034 1471 2082; x_wconf 67' lang='lat' dir='ltr'>merset</span> 
     </span>
     <span class='ocr_line' id='line_1_17' title="bbox 324 2122 1427 2205; baseline -0.003 -21"><span class='ocrx_word' id='word_1_132' title='bbox 324 2122 402 2204; x_wconf 77' lang='lat' dir='ltr'>lepis</span> <span class='ocrx_word' id='word_1_133' title='bbox 419 2127 600 2204; x_wconf 83' lang='lat' dir='ltr'>praecepto,</span> <span class='ocrx_word' id='word_1_134' title='bbox 622 2128 659 2187; x_wconf 87' lang='lat' dir='ltr'>nt</span> <span class='ocrx_word' id='word_1_135' title='bbox 674 2124 798 2205; x_wconf 80' lang='lat' dir='ltr'>possim</span> <span class='ocrx_word' id='word_1_136' title='bbox 819 2124 931 2187; x_wconf 75' lang='lat' dir='ltr'>daem</span> <span class='ocrx_word' id='word_1_137' title='bbox 953 2125 1057 2187; x_wconf 78' lang='lat' dir='ltr'>eitam</span> <span class='ocrx_word' id='word_1_138' title='bbox 1078 2126 1134 2189; x_wconf 89' lang='lat' dir='ltr'>deo</span> <span class='ocrx_word' id='word_1_139' title='bbox 1157 2123 1427 2204; x_wconf 82' lang='lat' dir='ltr'>acceptissimam.</span> 
     </span>
     <span class='ocr_line' id='line_1_18' title="bbox 366 2224 1448 2308; baseline -0.003 -19"><span class='ocrx_word' id='word_1_140' title='bbox 366 2224 517 2289; x_wconf 85' lang='lat' dir='ltr'>XXXIII.</span> <span class='ocrx_word' id='word_1_141' title='bbox 554 2225 635 2289; x_wconf 85' lang='lat' dir='ltr'>Nam</span> <span class='ocrx_word' id='word_1_142' title='bbox 658 2227 732 2308; x_wconf 81' lang='lat' dir='ltr'>qnia</span> <span class='ocrx_word' id='word_1_143' title='bbox 754 2224 843 2290; x_wconf 88' lang='lat' dir='ltr'>dicas</span> <span class='ocrx_word' id='word_1_144' title='bbox 866 2225 981 2291; x_wconf 89' lang='lat' dir='ltr'>debere</span> <span class='ocrx_word' id='word_1_145' title='bbox 1004 2245 1059 2290; x_wconf 91' lang='lat' dir='ltr'>nos</span> <span class='ocrx_word' id='word_1_146' title='bbox 1088 2226 1147 2290; x_wconf 88' lang='lat' dir='ltr'>tibi</span> <span class='ocrx_word' id='word_1_147' title='bbox 1170 2226 1349 2307; x_wconf 87' lang='lat' dir='ltr'>obsequia,</span> <span class='ocrx_word' id='word_1_148' title='bbox 1386 2225 1448 2287; x_wconf 85' lang='lat' dir='ltr'>scito</span> 
     </span>
     <span class='ocr_line' id='line_1_19' title="bbox 324 2326 1446 2409; baseline -0.002 -18"><span class='ocrx_word' id='word_1_149' title='bbox 324 2328 400 2409; x_wconf 89' lang='lat' dir='ltr'>quia</span> <span class='ocrx_word' id='word_1_150' title='bbox 420 2346 481 2391; x_wconf 90' lang='lat' dir='ltr'>nou</span> <span class='ocrx_word' id='word_1_151' title='bbox 502 2326 561 2390; x_wconf 92' lang='lat' dir='ltr'>tibi</span> <span class='ocrx_word' id='word_1_152' title='bbox 584 2328 653 2405; x_wconf 89' lang='lat' dir='ltr'>soli,</span> <span class='ocrx_word' id='word_1_153' title='bbox 676 2329 734 2393; x_wconf 89' lang='lat' dir='ltr'>sed</span> <span class='ocrx_word' id='word_1_154' title='bbox 756 2332 789 2393; x_wconf 88' lang='lat' dir='ltr'>et</span> <span class='ocrx_word' id='word_1_155' title='bbox 811 2330 955 2394; x_wconf 88' lang='lat' dir='ltr'>omnibus</span> <span class='ocrx_word' id='word_1_156' title='bbox 978 2346 1035 2393; x_wconf 88' lang='lat' dir='ltr'>nos</span> <span class='ocrx_word' id='word_1_157' title='bbox 1056 2330 1088 2393; x_wconf 94' lang='lat' dir='ltr'>in</span> <span class='ocrx_word' id='word_1_158' title='bbox 1111 2328 1317 2393; x_wconf 78' lang='lat' dir='ltr'>subbmitate</span> <span class='ocrx_word' id='word_1_159' title='bbox 1342 2327 1446 2409; x_wconf 84' lang='lat' dir='ltr'>degen-</span> 
     </span>
     <span class='ocr_line' id='line_1_20' title="bbox 321 2430 1447 2517; baseline -0.002 -23"><span class='ocrx_word' id='word_1_160' title='bbox 321 2430 409 2494; x_wconf 80' lang='lat' dir='ltr'>tibus</span> <span class='ocrx_word' id='word_1_161' title='bbox 434 2431 468 2493; x_wconf 91' lang='lat' dir='ltr'>iu</span> <span class='ocrx_word' id='word_1_162' title='bbox 501 2431 660 2513; x_wconf 87' lang='lat' dir='ltr'>obsequiis</span> <span class='ocrx_word' id='word_1_163' title='bbox 692 2432 964 2517; x_wconf 86' lang='lat' dir='ltr'>repraesentandis</span> <span class='ocrx_word' id='word_1_164' title='bbox 1000 2452 1069 2498; x_wconf 89' lang='lat' dir='ltr'>esse</span> <span class='ocrx_word' id='word_1_165' title='bbox 1102 2432 1252 2496; x_wconf 87' lang='lat' dir='ltr'>nouimus</span> <span class='ocrx_word' id='word_1_166' title='bbox 1290 2430 1447 2495; x_wconf 83' lang='lat' dir='ltr'>debitores</span> 
     </span>
     <span class='ocr_line' id='line_1_21' title="bbox 325 2533 1468 2618; baseline 0 -22"><span class='ocrx_word' id='word_1_167' title='bbox 325 2533 405 2596; x_wconf 91' lang='lat' dir='ltr'>dicit</span> <span class='ocrx_word' id='word_1_168' title='bbox 427 2534 510 2597; x_wconf 92' lang='lat' dir='ltr'>enim</span> <span class='ocrx_word' id='word_1_169' title='bbox 534 2535 709 2617; x_wconf 87' lang='lat' dir='ltr'>apostolus:</span> <span class='ocrx_word' id='word_1_170' title='bbox 732 2537 868 2602; x_wconf 62' lang='lat' dir='ltr'>Mmonc</span> <span class='ocrx_word' id='word_1_171' title='bbox 891 2537 963 2601; x_wconf 85' lang='lat' dir='ltr'>ilios</span> <span class='ocrx_word' id='word_1_172' title='bbox 982 2537 1188 2618; x_wconf 79' lang='lat' dir='ltr'>principibus</span> <span class='ocrx_word' id='word_1_173' title='bbox 1208 2540 1241 2599; x_wconf 86' lang='lat' dir='ltr'>et</span> <span class='ocrx_word' id='word_1_174' title='bbox 1257 2535 1468 2618; x_wconf 65' lang='lat' dir='ltr'>mapistrub&#39;n</span> 
     </span>
     <span class='ocr_line' id='line_1_22' title="bbox 326 2627 1446 2724; baseline -0.001 -24"><span class='ocrx_word' id='word_1_175' title='bbox 326 2635 386 2700; x_wconf 88' lang='lat' dir='ltr'>bns</span> <span class='ocrx_word' id='word_1_176' title='bbox 405 2637 547 2701; x_wconf 80' lang='lat' dir='ltr'>sabditos</span> <span class='ocrx_word' id='word_1_177' title='bbox 568 2657 642 2718; x_wconf 87' lang='lat' dir='ltr'>esse,</span> <span class='ocrx_word' id='word_1_178' title='bbox 672 2639 874 2724; x_wconf 75' lang='lat' dir='ltr'>oboedientes,</span> <span class='ocrx_word' id='word_1_179' title='bbox 901 2640 946 2704; x_wconf 85' lang='lat' dir='ltr'>ad</span> <span class='ocrx_word' id='word_1_180' title='bbox 967 2661 1058 2704; x_wconf 86' lang='lat' dir='ltr'>omne</span> <span class='ocrx_word' id='word_1_181' title='bbox 1079 2659 1158 2721; x_wconf 76' lang='lat' dir='ltr'>opus</span> <span class='ocrx_word' id='word_1_182' title='bbox 1180 2627 1304 2703; x_wconf 77' lang='lat' dir='ltr'>bonane</span> <span class='ocrx_word' id='word_1_183' title='bbox 1324 2641 1446 2720; x_wconf 82' lang='lat' dir='ltr'>paratos</span> 
     </span>
     <span class='ocr_line' id='line_1_23' title="bbox 324 2740 1444 2828; baseline 0.007 -27"><span class='ocrx_word' id='word_1_184' title='bbox 324 2757 399 2814; x_wconf 89' lang='lat' dir='ltr'>esse,</span> <span class='ocrx_word' id='word_1_185' title='bbox 420 2740 577 2803; x_wconf 80' lang='lat' dir='ltr'>nerninem</span> <span class='ocrx_word' id='word_1_186' title='bbox 600 2741 829 2823; x_wconf 77' lang='lat' dir='ltr'>blasphemare,</span> <span class='ocrx_word' id='word_1_187' title='bbox 853 2763 920 2806; x_wconf 91' lang='lat' dir='ltr'>non</span> <span class='ocrx_word' id='word_1_188' title='bbox 942 2743 1098 2828; x_wconf 75' lang='lat' dir='ltr'>litipiosos</span> <span class='ocrx_word' id='word_1_189' title='bbox 1118 2761 1191 2828; x_wconf 86' lang='lat' dir='ltr'>esse,</span> <span class='ocrx_word' id='word_1_190' title='bbox 1216 2745 1272 2810; x_wconf 82' lang='lat' dir='ltr'>scd</span> <span class='ocrx_word' id='word_1_191' title='bbox 1296 2743 1444 2809; x_wconf 61' lang='lat' dir='ltr'>indetis.</span> 
     </span>
     <span class='ocr_line' id='line_1_24' title="bbox 326 2844 1445 2927; baseline 0.002 -22"><span class='ocrx_word' id='word_1_192' title='bbox 326 2861 450 2906; x_wconf 86' lang='lat' dir='ltr'>omnem</span> <span class='ocrx_word' id='word_1_193' title='bbox 472 2844 665 2907; x_wconf 73' lang='lat' dir='ltr'>ostendentes</span> <span class='ocrx_word' id='word_1_194' title='bbox 686 2847 962 2910; x_wconf 67' lang='lat' dir='ltr'>mansuetudinem</span> <span class='ocrx_word' id='word_1_195' title='bbox 978 2847 1022 2910; x_wconf 86' lang='lat' dir='ltr'>ed</span> <span class='ocrx_word' id='word_1_196' title='bbox 1035 2865 1142 2910; x_wconf 78' lang='lat' dir='ltr'>ornnes</span> <span class='ocrx_word' id='word_1_197' title='bbox 1155 2845 1312 2910; x_wconf 80' lang='lat' dir='ltr'>homines.</span> <span class='ocrx_word' id='word_1_198' title='bbox 1336 2847 1445 2927; x_wconf 77' lang='lat' dir='ltr'>[ainos</span> 
     </span>
     <span class='ocr_line' id='line_1_25' title="bbox 324 2945 1444 3034; baseline 0.004 -26"><span class='ocrx_word' id='word_1_199' title='bbox 324 2945 410 3008; x_wconf 85' lang='lat' dir='ltr'>enim</span> <span class='ocrx_word' id='word_1_200' title='bbox 438 2949 469 3008; x_wconf 91' lang='lat' dir='ltr'>et</span> <span class='ocrx_word' id='word_1_201' title='bbox 495 2965 553 3008; x_wconf 89' lang='lat' dir='ltr'>nos</span> <span class='ocrx_word' id='word_1_202' title='bbox 581 2946 758 3028; x_wconf 77' lang='lat' dir='ltr'>aliqnando</span> <span class='ocrx_word' id='word_1_203' title='bbox 780 2951 871 3014; x_wconf 87' lang='lat' dir='ltr'>stnlti</span> <span class='ocrx_word' id='word_1_204' title='bbox 900 2955 929 3014; x_wconf 87' lang='lat' dir='ltr'>et</span> <span class='ocrx_word' id='word_1_205' title='bbox 950 2949 1164 3025; x_wconf 70' lang='lat' dir='ltr'>incredibiles,</span> <span class='ocrx_word' id='word_1_206' title='bbox 1194 2954 1363 3034; x_wconf 67' lang='lat' dir='ltr'>mentm,</span> <span class='ocrx_word' id='word_1_207' title='bbox 1393 2969 1444 3012; x_wconf 82' lang='lat' dir='ltr'>ser·</span> 
     </span>
     <span class='ocr_line' id='line_1_26' title="bbox 324 3048 1467 3136; baseline 0.001 -25"><span class='ocrx_word' id='word_1_208' title='bbox 324 3049 447 3112; x_wconf 63' lang='lat' dir='ltr'>nientm</span> <span class='ocrx_word' id='word_1_209' title='bbox 467 3048 631 3113; x_wconf 77' lang='lat' dir='ltr'>desideriis</span> <span class='ocrx_word' id='word_1_210' title='bbox 651 3054 681 3113; x_wconf 83' lang='lat' dir='ltr'>ct</span> <span class='ocrx_word' id='word_1_211' title='bbox 700 3050 920 3132; x_wconf 76' lang='lat' dir='ltr'>uoluptattbns</span> <span class='ocrx_word' id='word_1_212' title='bbox 934 3053 1051 3136; x_wconf 60' lang='lat' dir='ltr'>nomn,</span> <span class='ocrx_word' id='word_1_213' title='bbox 1075 3053 1112 3116; x_wconf 90' lang='lat' dir='ltr'>in</span> <span class='ocrx_word' id='word_1_214' title='bbox 1126 3053 1260 3117; x_wconf 70' lang='lat' dir='ltr'>mditin</span> <span class='ocrx_word' id='word_1_215' title='bbox 1274 3057 1309 3116; x_wconf 86' lang='lat' dir='ltr'>ct</span> <span class='ocrx_word' id='word_1_216' title='bbox 1323 3052 1467 3117; x_wconf 66' lang='lat' dir='ltr'>inritatos</span> 
     </span>
     <span class='ocr_line' id='line_1_27' title="bbox 325 3151 1445 3239; baseline 0.002 -24"><span class='ocrx_word' id='word_1_217' title='bbox 325 3155 463 3234; x_wconf 68' lang='lat' dir='ltr'>syenes,</span> <span class='ocrx_word' id='word_1_218' title='bbox 493 3151 633 3235; x_wconf 84' lang='lat' dir='ltr'>odibiles,</span> <span class='ocrx_word' id='word_1_219' title='bbox 661 3154 800 3219; x_wconf 67' lang='lat' dir='ltr'>mentes</span> <span class='ocrx_word' id='word_1_220' title='bbox 821 3154 1032 3236; x_wconf 65' lang='lat' dir='ltr'>oltcmtrnm</span> <span class='ocrx_word' id='word_1_221' title='bbox 1052 3156 1107 3220; x_wconf 91' lang='lat' dir='ltr'>scd</span> <span class='ocrx_word' id='word_1_222' title='bbox 1127 3175 1200 3219; x_wconf 88' lang='lat' dir='ltr'>cnm</span> <span class='ocrx_word' id='word_1_223' title='bbox 1220 3155 1445 3239; x_wconf 71' lang='lat' dir='ltr'>benipnitasd</span> 
     </span>
     <span class='ocr_line' id='line_1_28' title="bbox 325 3252 1444 3339; baseline 0.003 -23"><span class='ocrx_word' id='word_1_224' title='bbox 325 3252 511 3319; x_wconf 73' lang='lat' dir='ltr'>hnmanitas</span> <span class='ocrx_word' id='word_1_225' title='bbox 531 3255 653 3319; x_wconf 74' lang='lat' dir='ltr'>inlesit</span> <span class='ocrx_word' id='word_1_226' title='bbox 673 3256 849 3321; x_wconf 76' lang='lat' dir='ltr'>saluatoris</span> <span class='ocrx_word' id='word_1_227' title='bbox 870 3261 974 3322; x_wconf 80' lang='lat' dir='ltr'>nostri</span> <span class='ocrx_word' id='word_1_228' title='bbox 994 3259 1056 3339; x_wconf 87' lang='lat' dir='ltr'>dei,</span> <span class='ocrx_word' id='word_1_229' title='bbox 1082 3279 1148 3322; x_wconf 89' lang='lat' dir='ltr'>non</span> <span class='ocrx_word' id='word_1_230' title='bbox 1169 3279 1208 3322; x_wconf 72' lang='lat' dir='ltr'>ec</span> <span class='ocrx_word' id='word_1_231' title='bbox 1230 3259 1384 3339; x_wconf 71' lang='lat' dir='ltr'>operibns</span> <span class='ocrx_word' id='word_1_232' title='bbox 1403 3259 1444 3320; x_wconf 85' lang='lat' dir='ltr'>io-</span> 
     </span>
     <span class='ocr_line' id='line_1_29' title="bbox 323 3357 1444 3440; baseline 0.004 -23"><span class='ocrx_word' id='word_1_233' title='bbox 323 3357 432 3419; x_wconf 85' lang='lat' dir='ltr'>stitice</span> <span class='ocrx_word' id='word_1_234' title='bbox 453 3377 534 3437; x_wconf 79' lang='lat' dir='ltr'>qnae</span> <span class='ocrx_word' id='word_1_235' title='bbox 555 3377 612 3422; x_wconf 88' lang='lat' dir='ltr'>nos</span> <span class='ocrx_word' id='word_1_236' title='bbox 632 3359 779 3440; x_wconf 77' lang='lat' dir='ltr'>fecimus,</span> <span class='ocrx_word' id='word_1_237' title='bbox 814 3363 869 3426; x_wconf 86' lang='lat' dir='ltr'>scd</span> <span class='ocrx_word' id='word_1_238' title='bbox 889 3363 1063 3427; x_wconf 77' lang='lat' dir='ltr'>secundnm</span> <span class='ocrx_word' id='word_1_239' title='bbox 1083 3381 1176 3426; x_wconf 69' lang='lat' dir='ltr'>mmm</span> <span class='ocrx_word' id='word_1_240' title='bbox 1199 3362 1444 3429; x_wconf 83' lang='lat' dir='ltr'>miscricordiam</span> 
     </span>
     <span class='ocr_line' id='line_1_30' title="bbox 325 3458 1442 3548; baseline 0.005 -28"><span class='ocrx_word' id='word_1_241' title='bbox 325 3458 432 3521; x_wconf 83' lang='lat' dir='ltr'>salnes</span> <span class='ocrx_word' id='word_1_242' title='bbox 452 3479 510 3524; x_wconf 87' lang='lat' dir='ltr'>nos</span> <span class='ocrx_word' id='word_1_243' title='bbox 530 3463 606 3543; x_wconf 68' lang='lat' dir='ltr'>tecit</span> <span class='ocrx_word' id='word_1_244' title='bbox 620 3482 685 3543; x_wconf 79' lang='lat' dir='ltr'>per</span> <span class='ocrx_word' id='word_1_245' title='bbox 706 3463 875 3528; x_wconf 67' lang='lat' dir='ltr'>Mnacrnrn</span> <span class='ocrx_word' id='word_1_246' title='bbox 902 3465 1148 3548; x_wconf 75' lang='lat' dir='ltr'>repeneretionis</span> <span class='ocrx_word' id='word_1_247' title='bbox 1171 3468 1201 3528; x_wconf 86' lang='lat' dir='ltr'>et</span> <span class='ocrx_word' id='word_1_248' title='bbox 1221 3465 1442 3529; x_wconf 70' lang='lat' dir='ltr'>resonatione.</span> 
     </span>
     <span class='ocr_line' id='line_1_31' title="bbox 322 3562 1465 3649; baseline 0.003 -23"><span class='ocrx_word' id='word_1_249' title='bbox 322 3581 383 3640; x_wconf 82' lang='lat' dir='ltr'>per</span> <span class='ocrx_word' id='word_1_250' title='bbox 403 3562 553 3642; x_wconf 81' lang='lat' dir='ltr'>spiritum</span> <span class='ocrx_word' id='word_1_251' title='bbox 574 3570 721 3629; x_wconf 80' lang='lat' dir='ltr'>sanetum</span> <span class='ocrx_word' id='word_1_252' title='bbox 748 3587 839 3647; x_wconf 81' lang='lat' dir='ltr'>qoem</span> <span class='ocrx_word' id='word_1_253' title='bbox 867 3567 981 3648; x_wconf 78' lang='lat' dir='ltr'>effudit</span> <span class='ocrx_word' id='word_1_254' title='bbox 1003 3569 1039 3632; x_wconf 85' lang='lat' dir='ltr'>in</span> <span class='ocrx_word' id='word_1_255' title='bbox 1060 3567 1150 3632; x_wconf 88' lang='lat' dir='ltr'>nobis</span> <span class='ocrx_word' id='word_1_256' title='bbox 1169 3567 1299 3632; x_wconf 75' lang='lat' dir='ltr'>honeste</span> <span class='ocrx_word' id='word_1_257' title='bbox 1319 3589 1381 3649; x_wconf 86' lang='lat' dir='ltr'>per</span> <span class='ocrx_word' id='word_1_258' title='bbox 1400 3568 1465 3632; x_wconf 66' lang='lat' dir='ltr'>Iel</span> 
     </span>
     <span class='ocr_line' id='line_1_32' title="bbox 324 3663 1442 3754; baseline 0.005 -26"><span class='ocrx_word' id='word_1_259' title='bbox 324 3684 395 3728; x_wconf 83' lang='lat' dir='ltr'>snm</span> <span class='ocrx_word' id='word_1_260' title='bbox 415 3663 576 3730; x_wconf 62' lang='lat' dir='ltr'>fflmnnm</span> <span class='ocrx_word' id='word_1_261' title='bbox 597 3667 792 3734; x_wconf 80' lang='lat' dir='ltr'>saluatorem</span> <span class='ocrx_word' id='word_1_262' title='bbox 813 3675 967 3750; x_wconf 61' lang='lat' dir='ltr'>nosram,</span> <span class='ocrx_word' id='word_1_263' title='bbox 989 3675 1027 3736; x_wconf 84' lang='lat' dir='ltr'>nt</span> <span class='ocrx_word' id='word_1_264' title='bbox 1040 3671 1209 3752; x_wconf 68' lang='lat' dir='ltr'>iustificati</span> <span class='ocrx_word' id='word_1_265' title='bbox 1222 3672 1338 3754; x_wconf 72' lang='lat' dir='ltr'>pratia</span> <span class='ocrx_word' id='word_1_266' title='bbox 1352 3671 1442 3753; x_wconf 76' lang='lat' dir='ltr'>ipsios</span> 
     </span>
     <span class='ocr_line' id='line_1_33' title="bbox 324 3766 1442 3857; baseline 0.006 -28"><span class='ocrx_word' id='word_1_267' title='bbox 324 3766 451 3832; x_wconf 81' lang='lat' dir='ltr'>heredes</span> <span class='ocrx_word' id='word_1_268' title='bbox 471 3770 652 3849; x_wconf 59' lang='lat' dir='ltr'>efficiamur</span> <span class='ocrx_word' id='word_1_269' title='bbox 672 3773 845 3838; x_wconf 64' lang='lat' dir='ltr'>mnndum</span> <span class='ocrx_word' id='word_1_270' title='bbox 866 3793 952 3854; x_wconf 88' lang='lat' dir='ltr'>spem</span> <span class='ocrx_word' id='word_1_271' title='bbox 974 3775 1071 3838; x_wconf 81' lang='lat' dir='ltr'>niteo.</span> <span class='ocrx_word' id='word_1_272' title='bbox 1103 3773 1254 3837; x_wconf 88' lang='lat' dir='ltr'>admonet</span> <span class='ocrx_word' id='word_1_273' title='bbox 1278 3793 1354 3857; x_wconf 84' lang='lat' dir='ltr'>ergo</span> <span class='ocrx_word' id='word_1_274' title='bbox 1376 3775 1442 3838; x_wconf 92' lang='lat' dir='ltr'>sub·</span> 
     </span>
    </p>
   </div>
   <div class='ocr_carea' id='block_1_3' title="bbox 376 3955 1383 4188">
    <p class='ocr_par' dir='ltr' id='par_1_3' title="bbox 376 3955 1383 4188">
     <span class='ocr_line' id='line_1_34' title="bbox 427 3955 896 4024; baseline 0.009 -16"><span class='ocrx_word' id='word_1_275' title='bbox 427 3955 557 4020; x_wconf 72' lang='lat' dir='ltr'>lnce,</span> <span class='ocrx_word' id='word_1_276' title='bbox 576 3958 609 4011; x_wconf 83' lang='lat'>15</span> <span class='ocrx_word' id='word_1_277' title='bbox 677 3959 809 4024; x_wconf 66' lang='lat' dir='ltr'>abiba</span> <span class='ocrx_word' id='word_1_278' title='bbox 829 3961 896 4013; x_wconf 86' lang='grc'>1-7</span> 
     </span>
     <span class='ocr_line' id='line_1_35' title="bbox 376 4127 1383 4188; baseline 0.009 -9"><span class='ocrx_word' id='word_1_279' title='bbox 376 4127 634 4182; x_wconf 69' lang='lat' dir='ltr'>Imenaretes-1</span> <span class='ocrx_word' id='word_1_280' title='bbox 737 4129 850 4184; x_wconf 67' lang='lat' dir='ltr'>iortor</span> <span class='ocrx_word' id='word_1_281' title='bbox 952 4133 1082 4186; x_wconf 79' lang='lat' dir='ltr'>boariae</span> <span class='ocrx_word' id='word_1_282' title='bbox 1188 4135 1221 4187; x_wconf 91' lang='lat'>11</span> <span class='ocrx_word' id='word_1_283' title='bbox 1251 4135 1383 4188; x_wconf 74' lang='lat' dir='ltr'>clamitans</span> 
     </span>
    </p>
   </div>
   <div class='ocr_carea' id='block_1_4' title="bbox 322 4211 1439 4352">
    <p class='ocr_par' dir='ltr' id='par_1_4' title="bbox 322 4211 1439 4352">
     <span class='ocr_line' id='line_1_36' title="bbox 323 4211 1439 4285; baseline 0.005 -22"><span class='ocrx_word' id='word_1_284' title='bbox 323 4211 357 4263; x_wconf 87' lang='grc'>19</span> <span class='ocrx_word' id='word_1_285' title='bbox 373 4212 603 4280; x_wconf 79' lang='lat' dir='ltr'>repraesentandis</span> <span class='ocrx_word' id='word_1_286' title='bbox 619 4217 691 4267; x_wconf 83' lang='lat' dir='ltr'>coni.</span> <span class='ocrx_word' id='word_1_287' title='bbox 711 4214 892 4280; x_wconf 80' lang='lat' dir='ltr'>Gallandins,</span> <span class='ocrx_word' id='word_1_288' title='bbox 911 4217 1171 4285; x_wconf 81' lang='lat' dir='ltr'>repraesentantibus</span> <span class='ocrx_word' id='word_1_289' title='bbox 1193 4221 1236 4274; x_wconf 80' lang='lat' dir='ltr'>Vn</span> <span class='ocrx_word' id='word_1_290' title='bbox 1321 4221 1353 4273; x_wconf 76' lang='lat'>27</span> <span class='ocrx_word' id='word_1_291' title='bbox 1370 4223 1393 4272; x_wconf 86' lang='lat' dir='ltr'>et</span> <span class='ocrx_word' id='word_1_292' title='bbox 1408 4220 1439 4270; x_wconf 81' lang='lat' dir='ltr'>in</span> 
     </span>
     <span class='ocr_line' id='line_1_37' title="bbox 322 4297 659 4352; baseline 0.012 -3"><span class='ocrx_word' id='word_1_293' title='bbox 322 4297 390 4349; x_wconf 87' lang='lat' dir='ltr'>luxit</span> <span class='ocrx_word' id='word_1_294' title='bbox 456 4298 491 4351; x_wconf 72' lang='lat'>29</span> <span class='ocrx_word' id='word_1_295' title='bbox 507 4298 659 4352; x_wconf 78' lang='lat' dir='ltr'>lauacbrum</span> 
     </span>
    </p>
   </div>
   <div class='ocr_carea' id='block_1_5' title="bbox 0 0 1530 5000">
    <p class='ocr_par' dir='ltr' id='par_1_5' title="bbox 0 0 1530 5000">
     <span class='ocr_line' id='line_1_38' title="bbox 0 0 1530 5000; baseline 0 0"><span class='ocrx_word' id='word_1_296' title='bbox 0 0 1530 5000; x_wconf 95' lang='lat' dir='ltr'> </span> 
     </span>
    </p>
   </div>
  </div>
 </body>
</html>
