3050 5000
328 334 370 388 De
388 350 442 389 non
458 334 590 403 parcendo
607 335 636 389 in
653 334 731 390 deum
751 335 971 407 delinquentibus.
1151 340 1215 405 263

74 539 201 587 uerum
222 525 339 595 habere
361 524 479 602 fihum,
503 524 583 589 dieis
604 523 695 589 illum
718 543 788 591 esse
812 524 1011 608 adoptiuum,
1038 527 1071 590 et
1091 526 1214 593 iudicas

76 624 114 688 te
139 644 205 690 nen
227 627 439 707 intellectum,
474 627 559 711 qued
581 627 664 692 enim
685 647 767 693 unns
789 627 833 693 sis
856 647 893 694 er
918 628 982 693 illis
1011 628 1213 708 antichristis,

78 746 139 791 cre
168 731 399 810 pronuntiantis
432 730 589 797 Iohannis.
632 731 793 795 reuelatus
821 751 855 797 es
884 731 1012 813 inquam
1040 732 1072 797 te
1104 733 1213 815 spiritu

79 829 224 897 aduersa
253 831 336 899 duci.
373 835 446 899 inde
477 834 525 899 est
553 833 687 917 deniqne
715 834 801 918 quod
826 852 883 901 nec
902 834 1133 901 crediderimus
1156 837 1214 903 tibi

45 931 207 999 edicenti
231 934 270 1001 de
291 935 374 1003 filie:
397 938 503 1020 factas
524 942 568 1002 est
591 957 629 1002 ee
644 935 757 1003 nihilo.
782 937 987 1020 cognouimus
1004 938 1119 1003 etenim
1134 940 1212 1003 haee

78 1057 145 1103 nen
169 1038 311 1121 petuisse
335 1038 441 1108 dicere
463 1040 524 1105 nisi
545 1039 839 1122 pseudoprophetae
862 1040 1016 1122 spiritum,
1047 1040 1107 1105 nisi
1131 1041 1213 1106 anti-

77 1141 197 1205 christi
217 1160 465 1223 praecursorem,
488 1143 548 1207 nisi
570 1142 741 1208 satellitem
766 1144 860 1225 atque
874 1143 1066 1225 mancipium
1082 1143 1213 1209 daemo-

77 1261 171 1309 num.
211 1263 272 1310 nen
292 1246 351 1311 tibi
372 1248 451 1311 haee
476 1246 593 1311 dicenti
615 1246 775 1328 potuimus
797 1245 988 1323 credidisse,
1015 1245 1213 1329 quandoqui-

80 1346 160 1411 dem
184 1347 313 1429 spiritus
335 1348 464 1415 sanctus
487 1349 520 1413 et
540 1367 597 1432 per
618 1348 787 1432 prophetas
810 1347 904 1413 fuerit
925 1348 1050 1414 locutus
1067 1349 1105 1414 de
1120 1349 1213 1413 uniee

37 1466 66 1507 ιο
81 1449 137 1515 dei
160 1449 227 1515 filie
248 1449 339 1515 illum
363 1469 432 1519 esse
455 1469 567 1517 uerum
588 1450 689 1516 filium
713 1451 774 1537 dei,
797 1451 888 1516 illum
912 1450 1073 1516 aeternnm
1097 1470 1165 1517 esse
1181 1452 1213 1515 et

80 1554 289 1620 coaeternum
310 1554 409 1636 patri,
444 1573 615 1637 numquam
642 1572 744 1636 neque
771 1553 873 1619 filium
901 1552 968 1635 sine
989 1553 1079 1635 patre
1112 1572 1213 1637 neque

79 1658 209 1739 patrem
230 1657 328 1723 fuisse
352 1658 406 1722 ant
429 1676 498 1723 esse
521 1658 588 1723 sine
610 1657 676 1723 filie
700 1657 732 1721 et
752 1657 840 1722 beati
855 1657 933 1721 haee
951 1656 1063 1721 eadem
1079 1656 1212 1739 apesteh

80 1760 265 1839 mimenni,
300 1760 456 1843 siqnidem
484 1760 612 1827 sanetus
634 1759 762 1842 spiritns
784 1760 956 1842 paraclitus
985 1760 1038 1843 qui
1065 1760 1160 1825 luerit
1181 1760 1213 1825 in

81 1864 246 1945 prophetis
270 1864 365 1928 etiam
387 1864 419 1927 in
443 1863 593 1945 apostolis
615 1861 783 1941 manserit,
813 1862 867 1944 qui
890 1863 1018 1927 sanetus
1039 1865 1211 1946 paraclitus

41 1966 230 2049 1⁵spi1itns,
265 1966 339 2048 qnia
359 1966 392 2030 in
415 1966 466 2032 dei
488 1966 531 2031 sit
553 1965 690 2030 ecelesia
713 1966 745 2031 et
767 1983 824 2030 nes
847 1965 915 2031 sitis
939 1967 1102 2033 constituti
1126 1969 1213 2033 extra

85 2068 255 2133 ecclesiam
279 2068 344 2147 dei,
379 2087 452 2133 enm
473 2087 535 2134 nen
555 2087 686 2134 manens
709 2068 804 2133 sitin
827 2068 935 2147 uobis,
966 2069 1075 2152 utique
1096 2071 1212 2152 preba-

82 2171 162 2235 mini
186 2170 360 2236 antichristi
382 2190 440 2237 nes
462 2172 579 2238 habere
602 2171 762 2254 spiritum;
798 2171 852 2253 qui
879 2170 1047 2237 inmundus
1074 2172 1211 2255 spiritus,

84 2295 124 2339 ne
147 2276 225 2339 haec
251 2292 332 2357 qnae
353 2274 525 2358 ingerimus
541 2273 688 2353 uideatis,
710 2274 807 2340 cerda
822 2273 984 2340 haeretica
998 2274 1106 2339 nestra
1120 2274 1211 2341 tene-

83 2379 151 2444 bris
174 2377 304 2445 effundit
327 2395 467 2443 errorum
490 2376 625 2459 ealigine
648 2394 754 2456 caeca,
778 2396 817 2441 ne
840 2376 963 2442 scilicet
985 2395 1022 2441 er
1046 2378 1113 2442 eius
1135 2395 1211 2462 pes·
1323 2460 1325 2463 Ι

43 2491 72 2534 2⁰
86 2482 162 2548 setis
187 2500 346 2565 emergere
367 2479 500 2564 laqueis.
537 2478 660 2545 iudicas
683 2498 740 2545 nes
764 2498 833 2546 esse
857 2479 1110 2561 contumeliosos,
1138 2481 1212 2563 quia

84 2589 118 2650 te
141 2586 266 2669 qualem
293 2603 363 2650 esse
391 2583 537 2649 uidemus
565 2583 811 2666 pronuntiemus.
851 2601 925 2648 ecee
956 2583 1052 2648 etiam
1080 2603 1153 2650 eum
1180 2586 1212 2650 in

85 2688 258 2771 Euangelie
273 2688 347 2753 eata
364 2687 563 2752 Matthaeum
586 2685 702 2752 dixisse
727 2686 887 2752 deminum
908 2686 1050 2751 inuenio:
1074 2707 1138 2754 eece
1159 2709 1213 2777 ege

87 2792 175 2856 mitto
200 2811 274 2870 aes,
306 2792 388 2857 sicat
409 2810 481 2856 ease
501 2790 588 2856 later
610 2790 712 2872 tapes,
732 2790 770 2854 tu
791 2790 868 2856 mihi
892 2809 961 2856 esse
984 2809 1064 2856 nnus
1088 2810 1124 2856 er
1146 2786 1211 2856 iliis

84 2894 168 2978 lupis
188 2893 308 2959 uideris
332 2894 364 2958 et
386 2893 514 2977 quidem
536 2893 675 2958 emnium
694 2893 842 2974 lnporum
865 2893 975 2958 centra
1002 2892 1053 2957 dei
1081 2911 1212 2977 gregem

47 3005 73 3046 2⁵
85 2997 276 3082 rugientium
297 2997 418 3062 rabiem
439 2996 471 3060 in
494 3015 589 3079 quem
611 2996 738 3060 uideam
764 2996 957 3079 congestam.
996 2996 1066 3078 quis
1096 2994 1211 3062 etenim

89 3100 139 3164 dei
160 3099 244 3164 unici
266 3099 324 3164 lilii
345 3098 476 3182 negator
498 3118 559 3164 nen
580 3098 736 3182 gaudeat,
770 3117 830 3164 nen
852 3117 927 3181 prae
950 3116 984 3162 se
1006 3098 1103 3177 leret,
1138 3117 1211 3164 eum

87 3204 195 3269 uideat
217 3203 262 3268 sic
284 3204 318 3268 te
341 3201 466 3297 Christi
488 3201 713 3285 depopulatum
739 3205 890 3285 gregem?
929 3221 966 3266 er
991 3201 1055 3266 iliis
1085 3220 1210 3285 queque

88 3326 182 3372 unum
203 3307 236 3370 te
259 3304 379 3387 accipio
401 3304 587 3383 incredulis,
617 3322 655 3368 er
675 3302 739 3369 illis
760 3303 890 3387 perfidis
913 3304 954 3368 ad
977 3322 1054 3386 ques
1071 3303 1209 3370 dicium:

82 3410 246 3494 progenies
267 3409 466 3494 wiperaram,
492 3407 642 3490 quenwde
657 3408 793 3489 potestis
814 3428 895 3490 qaae
917 3407 996 3472 berea
1017 3416 1093 3473 sant
1114 3406 1211 3490 loqui,

49 3527 76 3568 ³⁰
89 3534 159 3580 casa
178 3513 251 3578 sitis
272 3511 376 3578 meli?
397 3532 477 3577 nam
498 3531 537 3576 ee
558 3511 739 3578 mandanti
761 3511 853 3576 eorde
874 3511 1091 3593 enusquisque
1107 3509 1209 3592 loqui·

89 3621 143 3681 tar
161 3617 199 3682 de
220 3635 273 3681 ore
293 3633 360 3680 sao.
397 3614 498 3680 bonas
525 3613 614 3680 heato
641 3615 680 3680 de
706 3613 784 3678 beno
809 3613 956 3678 thesauro
979 3613 1095 3678 emittit
1116 3613 1209 3693 boae,

89 3719 240 3786 ammas
262 3717 352 3783 bomo
374 3717 412 3784 de
432 3717 518 3782 mele
539 3717 686 3783 timeare
706 3717 831 3799 profert
853 3717 952 3784 mala.
982 3715 1108 3781 sibene
1126 3715 1208 3794 sunt,

186 3956 221 4011 22
238 3956 336 4012 Mean
355 3957 396 4022 10,
416 3957 449 4011 16
517 3956 551 4010 29
569 3955 606 4011 ib.
624 3954 666 4019 12,
685 3954 727 4010 34.
745 3954 780 4008 35

139 4161 199 4215 ite
216 4162 287 4216 ceni.
305 4161 453 4230 atheias,
475 4176 509 4214 ne
531 4160 570 4215 Va
672 4159 689 4212 3
711 4159 888 4228 pronuntiatis
912 4159 983 4214 cessi.
1001 4157 1139 4213 Latiam

91 4252 231 4318 bpesses
301 4248 332 4302 19
350 4246 452 4302 effundi
468 4250 629 4302 terrerume
700 4246 732 4299 19
749 4245 857 4315 possitis
875 4245 942 4312 sert.
1011 4243 1045 4298 22
1061 4242 1209 4298 mattheum
