3050 5000
292 313 353 379 126
781 305 935 361 ensiferi

270 505 346 565 :n'os
368 498 485 564 retines
507 497 711 561 incarcere?
755 512 813 559 cur
841 493 942 559 mittis
972 494 1013 559 nd
1036 493 1150 559 exilia?
1196 492 1263 557 nisi
1288 492 1374 575 quia
1398 492 1441 555 sis

289 602 433 667 metuens
461 618 499 665 ne
527 617 585 665 888
613 598 704 680 lupos
726 597 877 663 Attianos
900 615 1032 679 rapaces
1054 616 1150 663 cenes
1171 595 1312 662 rabidos
1341 597 1440 677 atque

269 704 490 771 :antichristos
515 720 584 767 esse
605 700 758 783 temporis
779 700 879 765 nostri
901 700 1139 767 manifestemus
1155 701 1261 766 saeris
1277 699 1438 763 reuelan-

268 817 277 868 ;·
287 810 374 875 tibus
397 807 571 890 seripturis.
605 822 715 869 888888
732 804 817 869 enim
832 804 1007 887 scripturae
1021 804 1154 887 probunt
1168 822 1228 869 uos
1246 822 1288 867 ex
1305 803 1439 866 actibm

287 912 404 979 uestris
426 929 488 976 non
511 928 580 975 esse
603 908 656 973 dei
677 926 797 984 seruos,
822 907 880 971 sed
900 908 993 990 plene
1016 908 1099 973 filios
1121 908 1251 973 88818811.
1292 907 1324 971 si
1351 908 1466 970 enims

286 1037 350 1083 non
373 1034 407 1080 es
429 1033 510 1080 nnus
532 1034 570 1079 ex
591 1012 665 1089 iilis,
689 1030 769 1095 quos
790 1011 873 1077 telos
896 1011 1019 1077 futuros
1034 1030 1143 1077 sacrae
1158 1012 1308 1077 clement
1326 1010 1435 1091 scrip-

273 1123 388 1199 88888,
400 1138 474 1184 eum
486 1118 638 1199 seriptum
649 1115 807 1181 inueneris
819 1115 851 1179 in
865 1114 998 1181 CXXXI
1010 1116 1146 1199 psalmo:
1160 1136 1267 1200 serpe,
1285 1116 1434 1195 domine,

287 1226 325 1289 in
346 1228 481 1305 88888888
503 1225 603 1299 mom,
631 1225 669 1284 in
689 1224 717 1285 a
740 1239 820 1285 arca
841 1220 1109 1301 modificationis
1132 1224 1214 1303 inae,
1244 1222 1435 1285 sacerdotes

287 1328 338 1391 ini
348 1326 531 1391 induantur
545 1324 715 1401 8888888888,
731 1342 788 1388 cur
800 1323 944 1387 88888888
958 1324 1077 1389 euobis
1091 1325 1253 1389 absentem
1266 1325 1432 1389 uoluisti?

288 1432 375 1495 certe
390 1430 505 1494 adhoc
520 1428 557 1492 ut
570 1426 735 1503 iustitium,
758 1446 855 1509 quam
876 1446 932 1493 nos
945 1426 1093 1491 indueret
1107 1427 1263 1505 dominus,
1292 1428 1431 1491 emitte-
1443 1434 1461 1470 ¹⁰

287 1552 404 1617 remus.
449 1551 522 1595 cum
546 1531 628 1595 enim
651 1531 753 1595 diest:
776 1531 949 1597 sacerdotes
971 1532 1021 1596 toi
1042 1532 1223 1597 induantur
1245 1532 1430 1605 iustitiam,

283 1638 324 1701 et
344 1638 380 1701 tu
400 1635 590 1701 iniustitiam
612 1653 669 1699 nos
690 1652 842 1717 argueres
864 1634 980 1714 facere,
1004 1636 1081 1718 quid
1104 1635 1191 1701 uliud
1212 1654 1380 1712 essemus,
1405 1636 1430 1699 si

287 1740 474 1805 fecissemus
497 1739 582 1821 quod
602 1740 678 1803 tuse
704 1739 941 1803 mnliuolentiee
970 1739 1075 1803 iuerat
1101 1740 1215 1816 uisum,
1246 1738 1314 1803 nisi
1349 1758 1429 1803 con-

289 1844 436 1908 scelerati
457 1844 515 1920 tui,
539 1843 600 1907 nisi
620 1842 720 1906 totius
741 1842 918 1924 iniqnitatis
933 1844 1058 1909 fontes?
1080 1844 1113 1908 hi
1129 1842 1262 1919 seilicet,
1290 1842 1351 1925 qni
1370 1842 1428 1906 de-

287 1947 438 2029 ponentes
448 1946 590 2011 88888888
601 1945 931 2025 officinminiustitiae,
943 1948 1044 2012 uttibi
1051 1948 1259 2030 placeremus,
1275 1964 1428 2011 essemus
1439 1970 1457 2006 8

287 2050 473 2133 suscepturi.
489 2049 687 2132 persequeris
699 2048 752 2126 dei
764 2048 902 2127 domum,
920 2049 1092 2129 Constanti,
1108 2050 1256 2132 ignorans
1266 2051 1304 2113 te
1317 2050 1426 2131 ipsum

289 2154 384 2217 deum
405 2153 552 2236 persequi
572 2153 605 2216 in
629 2153 722 2217 domo
746 2152 828 2228 eius;
854 2153 965 2218 domus
989 2153 1105 2217 etenim
1128 2152 1180 2217 dei
1203 2153 1252 2217 est
1268 2153 1423 2229 eeclesia,

286 2258 319 2321 in
342 2275 406 2339 qne
427 2257 477 2321 est
498 2256 677 2321 inhabitans
701 2254 856 2338 dominus,
884 2256 968 2321 sieut
989 2256 1141 2338 seriptum
1171 2256 1219 2319 est
1247 2255 1280 2318 in
1307 2256 1423 2319 eodem

286 2358 423 2441 psalmo:
446 2361 537 2442 clepit
557 2362 707 2426 donninns
728 2360 819 2441 Sion,
837 2359 1013 2443 praeelecti
1033 2380 1103 2423 eam
1125 2361 1162 2425 in
1184 2357 1422 2424 habitationem

284 2463 356 2528 8ῶύ
368 2462 443 2528 iaco
453 2463 574 2546 8888888
584 2484 655 2529 mea
666 2466 702 2530 in
713 2466 876 2532 8888881888
887 2463 1246 2540 mancionatas,
1261 2464 1450 2544 quoniame

280 2566 443 2649 1888881888
464 2587 543 2632 caree
569 2570 754 2640 ,88881888
778 2569 886 2650 itaque
910 2568 981 2647 sint,
1003 2567 1106 2633 temet
1126 2567 1230 2649 panim
1253 2568 1416 2650 conspice,

286 2669 413 2751 quando
436 2669 573 2751 aliquem
594 2671 771 2736 nostrorum
793 2673 894 2754 punis,
924 2673 1013 2736 tunm
1040 2672 1073 2736 te
1097 2671 1233 2736 sulutem
1255 2671 1417 2752 persequi,

287 2772 412 2853 quaudo
436 2772 480 2836 sis
509 2772 568 2838 deo
596 2793 784 2857 repugnans,
819 2793 879 2841 non
907 2793 973 2852 nos,
1007 2775 1038 2838 in
1069 2793 1146 2856 quos
1176 2773 1289 2838 audies
1322 2773 1417 2837 deum

285 2874 393 2940 eicere
422 2876 506 2958 quod
535 2878 617 2942 enim
640 2877 786 2961 dignetur
806 2879 1015 2962 requiescere.
1060 2879 1097 2942 tu
1121 2897 1194 2961 ergo
1218 2876 1274 2960 qui
1294 2877 1417 2958 temple

287 2977 404 3043 domini
418 2980 557 3062 temptas
571 2981 701 3060 uiolare,
724 2983 833 3048 uisite
848 2983 1050 3061 conuertens,
1076 3001 1112 3046 eo
1129 2981 1284 3063 disperies
1299 2997 1415 3062 genere
1427 2993 1446 3032 a

284 3099 347 3163 quo
368 3082 426 3161 illi,
450 3083 489 3148 de
513 3084 626 3166 qmbns
649 3084 729 3149 dicit
749 3085 854 3150 Dauid
875 3086 907 3150 in
929 3085 1051 3167 psalmo
1076 3084 1239 3150 CXXXV:
1262 3085 1322 3166 qni
1339 3105 1414 3165 per-

290 3187 388 3250 cussit
408 3189 588 3270 Aepyptnm
609 3207 682 3253 earn
697 3189 883 3270 8888888888
905 3207 1024 3268 888888,
1053 3189 1204 3269 qnoniam
1225 3189 1264 3252 in
1285 3188 1414 3252 8888818

284 3288 506 3354 misericordia
526 3292 605 3374 8888,
628 3296 657 3355 ei
678 3293 790 3358 cancii
810 3292 915 3356 Israci
937 3291 975 3356 dc
996 3292 1097 3358 888888
1119 3310 1235 3373 corone
1258 3292 1412 3372 qnoniam

285 3391 324 3454 in
343 3392 504 3457 saeculam
527 3395 746 3460 888888888888
769 3396 844 3460 eine
886 3395 942 3476 qni
968 3395 1082 3459 diuisit
1108 3399 1197 3460 marc
1219 3393 1355 3458 8888888
1375 3394 1410 3456 88

273 3493 487 3574 censionem,
508 3497 663 3578 qnoniam
683 3500 722 3562 in
741 3499 905 3562 8888881888
922 3497 1144 3562 8888888888ᾱὶ8
1159 3497 1237 3578 8888,
1259 3501 1409 3560 8818888-
1420 3505 1441 3544 ³⁰

273 3595 377 3663 ‚duait
396 3597 503 3664 Israel
519 3620 582 3681 per
601 3601 742 3664 medinm
764 3600 841 3676 ains,
869 3599 1021 3680 qnoniam
1041 3600 1079 3663 in
1100 3599 1263 3663 8888881888
1285 3598 1406 3664 8888888-

387 3781 464 3836 7Ρ8.
482 3783 540 3847 131,
559 3784 583 3837 8.
601 3786 617 3838 9
688 3785 720 3838 19
738 3785 784 3838 Ps.
803 3784 861 3848 131,
882 3784 921 3838 13.
941 3783 973 3837 14
1043 3783 1076 3837 26
1094 3783 1138 3837 Ρ8.
1158 3782 1217 3846 135,
1238 3783 1340 3836 10-15

337 3985 499 4043 leercerem
567 3957 634 4044 exllie
706 3991 878 4046 2888888888
895 4009 919 4060 8,
938 3990 1056 4045 rabiosos
1074 3991 1211 4044 Latinius
1283 3963 1406 4086 48881888ἰ

284 4095 304 4158 (¹
321 4110 357 4146 en.
373 4095 437 4161 nec.)
508 4091 650 4149 scxxxl
666 4095 749 4163 primo
829 4095 862 4147 10
880 4110 964 4162 quen
1033 4093 1067 4145 20
1085 4091 1193 4146 nbitebo
1271 4093 1303 4146 21
1323 4095 1406 4178 punire

282 4211 300 4281 (¹
318 4230 352 4266 88.
369 4215 435 4281 nee.)
505 4213 539 4266 22
556 4215 632 4282 ponis
700 4215 734 4268 25
751 4186 877 4299 disper-'ies
897 4215 926 4280 (⁸⁵
943 4231 976 4268 ne.
995 4217 1059 4282 rec.)
