3050 5000
439 396 604 451 Morieudum
621 412 679 452 esse
694 412 742 466 pro
760 396 804 460 dei
821 397 885 453 filio.
1161 400 1225 468 296

89 582 227 663 dame,
250 584 286 647 tu
309 583 419 649 contra
441 584 501 649 deo
524 584 664 667 dignaris
685 584 865 650 interficere
889 585 1019 651 dicatos.
1056 585 1225 651 Christiani

89 687 144 754 ad
172 687 361 769 placandum
390 706 484 769 quem
512 687 645 752 colimus
672 688 722 753 his
748 690 847 753 rebus
874 708 951 771 opus
981 708 1050 755 esse
1080 691 1225 757 nouimus

88 791 217 874 quihus
243 792 333 858 illum
362 791 514 857 delectari
537 808 573 855 ac
596 791 737 873 gaudere
760 792 886 858 scimus.
925 792 952 857 si
978 793 1073 876 igitur
1101 794 1225 875 placere

90 895 294 965 censendum
319 896 367 962 eet
388 912 481 978 posse
504 894 562 959 deo
586 893 671 977 quod
692 894 788 972 facis,
816 914 923 961 omnes
945 914 1001 962 nos
1024 897 1146 979 oportet
1167 898 1226 962 ho-

52 1012 72 1052 5
91 998 238 1065 micidas
262 1016 345 1077 csse,
375 998 547 1081 sacrilegos
570 1016 606 1062 ac
629 998 839 1079 blasphemos.
879 1017 897 1065 o
921 999 1101 1076 Constanti,
1131 1018 1227 1081 quam

91 1103 240 1186 ingentis
263 1103 306 1169 sis
328 1101 505 1167 domentiae
527 1100 661 1175 uiderim
685 1101 877 1183 conspicitur
897 1102 1056 1167 ueterator
1077 1102 1132 1167 ille
1150 1102 1226 1169 sub-

91 1206 187 1283 tilis,
221 1206 473 1287 circumscriptor
505 1204 719 1273 innocentium
746 1204 780 1271 in
808 1204 865 1269 tua
894 1206 999 1271 mente
1029 1204 1137 1272 sedem
1167 1206 1228 1272 sibi

95 1310 301 1387 conlocasse,
323 1310 357 1375 et
378 1309 539 1375 arbitraris
561 1327 622 1373 nou
644 1309 676 1372 te
700 1308 802 1373 adhuc
825 1309 1040 1390 publicatum?
1072 1309 1173 1375 adhuc
1196 1310 1227 1373 in

98 1431 209 1491 ouem,
232 1430 305 1477 cum
320 1412 363 1477 sis
377 1412 480 1494 lupus,
508 1411 719 1494 perfrigescis,
742 1412 779 1476 tu
802 1411 856 1493 qui
880 1411 1128 1477 assuetissimis
1151 1430 1225 1494 pro-

40 1525 76 1563 10
96 1515 210 1597 phetis
231 1515 333 1581 bestia
354 1515 540 1592 nominaris,
559 1533 578 1579 a
599 1514 791 1579 beatissimis
815 1514 963 1595 apostolis
980 1514 1066 1579 cauis
1084 1533 1119 1580 ac
1134 1515 1227 1598 lupus

97 1637 219 1700 rapax,
250 1618 450 1696 subornatus,
480 1636 555 1683 cum
582 1617 626 1683 sis
654 1618 814 1699 operarius
843 1617 1035 1699 iniquitatis,
1066 1618 1229 1701 tamquam

97 1721 251 1787 minister
271 1722 420 1800 iustitiae,
451 1722 484 1786 et
504 1722 536 1786 te
561 1740 630 1787 esse
652 1721 811 1786 hominem
833 1738 953 1799 censes,
977 1740 1047 1786 cum
1072 1722 1149 1786 nihil
1169 1725 1228 1787 ho·

99 1825 201 1891 minis
223 1825 284 1891 nisi
304 1825 495 1890 lineamenta
518 1842 554 1889 ac
583 1843 738 1889 summam
767 1824 903 1907 figuram
931 1829 1046 1907 geras?
1080 1825 1168 1891 doles
1197 1827 1229 1891 te

99 1930 266 1995 inmanem
292 1929 428 1996 bestiam
457 1928 535 2007 dici,
568 1928 647 1993 nihil
673 1929 706 1991 te
734 1928 869 1993 hominis
898 1928 958 1993 nisi
985 1927 1170 1993 liniamenta
1192 1947 1228 1995 ac

51 2047 84 2086 1⁵
102 2053 265 2101 summam
287 2051 395 2116 gerere
417 2032 562 2115 figuram.
586 2031 646 2109 dic,
671 2049 798 2113 quaeso,
824 2050 862 2097 an
884 2031 994 2114 possis,
1017 2031 1230 2097 innocentium

101 2138 325 2219 interemptor,
359 2136 471 2202 merito
503 2134 566 2201 dici
596 2135 793 2201 Christianus
824 2135 856 2198 et
885 2154 945 2199 uon
974 2133 1078 2216 potius
1100 2134 1229 2200 insanus

102 2241 206 2307 hebes
233 2260 405 2323 uecorsque
432 2239 532 2305 hostis
562 2237 676 2321 quippe
706 2237 757 2303 dei
778 2238 954 2321 religionis,
988 2238 1020 2301 in
1044 2258 1105 2319 qua
1127 2238 1229 2320 piatas

102 2344 287 2411 humanitas
309 2344 470 2425 omnisque
492 2343 614 2408 iustitia
635 2342 791 2420 uersatur,
814 2342 846 2405 in
869 2360 931 2423 qua
953 2359 1010 2405 uec
1033 2341 1152 2407 malum
1173 2358 1228 2423 pro

102 2447 192 2513 malo
216 2447 346 2514 discitur
368 2446 511 2525 reddero,
534 2447 566 2511 iu
583 2465 645 2529 qua
660 2465 720 2511 non
736 2445 890 2524 occidere,
915 2444 972 2512 sed
988 2445 1089 2512 occidi
1104 2446 1229 2528 propter

56 2563 88 2602 ²0
106 2551 161 2616 dei
183 2551 283 2618 filium
307 2552 475 2617 docemur?
497 2550 533 2614 tu
556 2550 710 2632 sacrilego
733 2550 848 2616 conatu
870 2550 924 2614 tuo
943 2550 1155 2631 contemptam
1169 2567 1230 2614 ua-

105 2673 182 2720 nam
206 2654 449 2719 dominationem
470 2654 559 2718 tuam
582 2652 784 2719 considerans
805 2653 963 2718 tormenta
986 2653 1151 2728 admouas;
1175 2651 1231 2718 sed

106 2759 159 2826 est
175 2758 334 2841 protector
350 2757 436 2836 fidei,
458 2756 648 2840 gubernator
664 2755 786 2834 salutis,
809 2755 913 2822 rector
930 2756 1113 2834 animarum,
1137 2775 1230 2839 quem

105 2880 165 2926 nos
187 2861 311 2943 inpellis
332 2879 458 2944 negare,
482 2877 605 2941 semper
626 2859 799 2938 nobiscum,
824 2877 946 2942 semper
962 2859 1053 2924 adest
1067 2859 1231 2924 certamini

107 2967 230 3044 nostro,
265 2965 319 3046 qui
346 2964 551 3047 proeliatores
581 2964 676 3045 atque
704 2963 882 3028 adsertores
906 2962 1004 3026 diuini
1026 2962 1076 3026 sui
1098 2961 1231 3028 nominis

63 3089 92 3130 as
109 3069 221 3152 erigat.
246 3068 317 3133 hine
342 3068 391 3135 est
413 3067 495 3150 quod
519 3066 619 3132 seruis
640 3066 814 3130 iniustitiae
836 3066 911 3130 tuae
934 3084 971 3130 ac
986 3064 1149 3144 ministris,
1171 3066 1230 3130 hoc

110 3174 161 3240 est
182 3171 442 3238 concarnificibus
463 3171 527 3236 tuis
548 3170 766 3252 torquentibus
794 3171 914 3234 stemus
941 3169 1098 3247 fortiores,
1127 3166 1230 3232 inani-

107 3295 234 3342 mamur
256 3276 292 3340 ut
312 3275 400 3340 tuam
423 3275 573 3357 ungulam
596 3273 682 3338 artus
708 3273 807 3339 uostu'
834 3273 950 3355 pulsati
980 3291 1015 3337 ac
1042 3271 1153 3338 laniati
1176 3289 1230 3336 su-

108 3380 229 3462 perent.
253 3379 408 3461 quomodo
426 3379 540 3444 etenim
554 3376 828 3460 inexpugnabilem
843 3376 939 3442 fidem
955 3393 1102 3458 superare
1117 3373 1233 3456 poterit

110 3482 256 3548 saeuiens
285 3482 339 3546 diu
367 3482 463 3565 plaga
489 3479 640 3563 repetita,
673 3499 746 3546 cum
774 3479 874 3544 omnis
896 3480 988 3544 miles
1004 3478 1128 3544 Christi
1151 3473 1252 3542 sciat

67 3604 95 3644 eo
109 3586 214 3668 ipsum
235 3604 290 3667 pro
314 3604 375 3668 quo
397 3585 515 3667 patitur
539 3602 648 3650 secum
670 3603 741 3648 esse
763 3584 961 3666 praesentem
978 3582 1232 3666 gaudentemque

83 3895 88 3906 ⁸
209 3838 245 3893 21
265 3837 297 3895 ci
315 3837 392 3910 cypr.
408 3838 445 3893 ib.
462 3839 522 3904 492,
540 3839 557 3890 5
575 3855 613 3911 sq.
681 3837 715 3892 23
733 3837 768 3892 of.
786 3837 862 3908 Oppr.
880 3837 916 3892 ih.
934 3837 994 3902 491,
1015 3836 1047 3892 13
1064 3849 1103 3906 sq.

133 4059 354 4129 opacandum
374 4062 406 4128 V,
424 4078 506 4119 cmo
549 4087 552 4094 ·
591 4060 625 4114 12
641 4026 748 4129 iustiltile,
764 4059 790 4128 (²¹
809 4077 843 4114 m.
861 4059 922 4127 alt.)
1016 4057 1048 4112 13
1062 4061 1129 4125 post
1146 4057 1232 4112 acrba

113 4145 186 4200 doles
203 4176 238 4210 -τ
255 4147 366 4215 figuram
383 4164 458 4216 geras
478 4149 541 4216 (aie)
561 4165 631 4218 quac
648 4165 683 4202 m.
700 4153 716 4202 1
736 4147 875 4216 exposcit
894 4147 987 4200 eadem
1005 4144 1091 4200 aerbo
1109 4142 1181 4198 doles
1199 4172 1232 4182 —

113 4244 201 4298 gerere
218 4230 329 4300 figuram
346 4238 511 4301 repetantur
581 4233 613 4287 17
631 4249 771 4302 decoreque
839 4232 937 4302 liqui]
951 4231 1038 4300 qrriac
1107 4229 1233 4284 teserem

114 4317 224 4385 scrapai,
242 4317 358 4371 seruiens
373 4319 420 4387 Vc,
438 4318 612 4372 seruientibus
629 4319 700 4373 coci.
718 4319 856 4373 Latinius
925 4317 957 4370 26
975 4315 1167 4369 hinanimamur
