3050 5000
350 389 392 443 De
409 407 464 445 non
480 391 612 459 parcendo
629 393 659 445 in
677 392 754 446 deum
772 392 995 461 delinquentibus.
1176 396 1236 461 231

104 599 191 660 pune
211 580 483 660 supervenientia.
508 600 616 645 omnes
631 581 716 645 enim
730 580 805 644 uiae
827 584 901 645 tuoe
916 585 1066 666 poratoe,
1091 584 1238 649 creatura

102 687 167 746 tua
188 683 226 747 in
244 683 461 764 prouidentia.
484 702 549 749 ecce
571 684 656 747 enim
677 684 810 767 Assprii
831 682 943 766 repleti
965 686 1098 749 suntin
1119 686 1239 751 uirtute

102 805 169 850 sna
190 791 219 850 et
240 786 375 851 marran·
399 790 475 851 sunt
495 787 534 851 in
554 806 631 868 equo
652 790 683 851 et
703 806 876 863 ascensore,
901 792 931 853 et
949 787 1085 870 pioriati
1106 794 1181 853 suut
1202 790 1238 854 in

103 890 236 955 mortio
252 892 409 973 peditum,
432 896 647 973 sperauerunt
667 893 706 956 in
727 890 837 973 clipeis
859 896 888 955 et
909 895 995 957 tenso
1018 912 1097 957 arcu
1117 896 1148 957 et
1160 892 1237 975 funf-

73 992 241 1072 ⁵dibaiis,
276 998 305 1058 et
333 994 513 1059 nescierunt
540 995 693 1074 qnoniam
722 998 757 1058 tn
785 1014 816 1059 es
844 995 994 1059 domiuus
1022 996 1079 1077 qui
1100 1000 1238 1062 conteres

102 1096 199 1164 betia.
222 1098 373 1163 dominns
387 1117 499 1161 nomen
514 1102 559 1163 ert
574 1098 641 1163 titi.
666 1102 701 1162 tu
709 1099 822 1180 proice
836 1098 968 1164 iiiorum
984 1100 1078 1179 uires,
1103 1104 1237 1184 aeterne,

103 1205 229 1265 contere
250 1200 382 1265 nidorum
399 1200 637 1281 plenitudinem
658 1202 778 1265 uirtute
792 1206 851 1265 tua
865 1206 894 1265 ct
909 1202 1007 1267 deduc
1021 1221 1130 1267 carum
1146 1208 1235 1267 tenu-

102 1305 235 1368 citutem
255 1303 294 1367 in
316 1304 371 1367 ira
393 1308 460 1367 tua.
484 1304 705 1386 copitanernut
730 1305 815 1368 enim
843 1303 1003 1384 frustrare
1031 1309 1234 1391 cunctatus,

103 1408 315 1487 coinquinare
336 1406 579 1472 tabernaculum
606 1408 813 1489 requietionis
842 1412 916 1473 tuae
941 1409 1083 1473 nominis
1106 1408 1235 1475 donori-

61 1530 89 1571 ιο
100 1510 160 1592 pici
188 1512 254 1591 tui,
289 1510 520 1592 adprehendere
551 1512 638 1593 ferro
672 1530 771 1575 cornu
805 1510 920 1576 nitoris
954 1514 1012 1577 tui.
1050 1513 1169 1593 respice
1199 1515 1236 1577 in

102 1612 239 1697 fastipio
261 1633 379 1694 eornm,
402 1614 447 1678 da
468 1614 505 1676 in
528 1634 631 1678 mann
652 1634 722 1678 moa
745 1614 864 1678 uiduae
886 1634 983 1695 quam
1005 1616 1145 1698 copiiaui
1167 1617 1237 1681 uir-

104 1722 205 1783 tutem
227 1723 258 1784 et
273 1722 405 1800 percute
426 1736 460 1782 os
482 1737 591 1783 eorum
613 1716 709 1782 tabiis
724 1718 952 1799 persuasionis
973 1739 1061 1785 mene
1081 1720 1119 1783 in
1135 1720 1235 1802 prin·

104 1824 176 1903 cipe
198 1821 428 1903 etprincipem
456 1840 553 1901 super
579 1839 707 1884 seruum
734 1839 843 1901 urum,
877 1840 996 1901 quassa
1028 1820 1238 1885 substantium

104 1927 175 1990 eius
196 1928 237 1990 iu
255 1944 358 1989 manu
379 1925 507 1989 uiduae.
546 1944 612 1988 non
640 1924 789 1987 enimin
811 1923 1017 1989 multitudine
1039 1926 1145 1989 uirtus
1167 1928 1237 2003 tuo,

64 2048 89 2087 1s
103 2030 161 2092 sed
183 2049 238 2093 nec
254 2029 402 2111 potentia
424 2048 523 2109 neque
544 2028 656 2092 datum
676 2032 768 2091 tuum
795 2028 832 2091 in
860 2027 1012 2109 fortibus,
1048 2029 1102 2093 sed
1130 2028 1236 2093 tumi-

105 2133 188 2197 iium
211 2133 356 2217 ondens,
392 2133 596 2214 infirmorum
617 2131 831 2211 adiutorium,
865 2132 1046 2213 infirmium
1068 2137 1236 2213 susceptor,

104 2236 345 2317 desperatorum
367 2236 524 2301 saluatur.
572 2235 669 2300 etiam
692 2234 769 2299 dens
787 2235 896 2314 patris
916 2236 978 2299 mei
1001 2239 1030 2299 et
1051 2237 1127 2300 deus
1148 2234 1235 2299 tuere-

105 2340 222 2404 ditatis
244 2339 360 2421 Israel,
397 2339 524 2403 domine
544 2338 727 2403 dominator
748 2336 906 2401 caetorum
929 2342 958 2401 et
979 2341 1092 2418 terrae,
1116 2342 1237 2403 creatu·

106 2462 283 2524 aquarum,
315 2462 371 2507 rec
393 2443 490 2507 totius
512 2446 691 2520 creaturae,
713 2441 832 2506 errandi
855 2441 1100 2506 obsecrationem
1121 2462 1236 2519 meam,

66 2573 92 2613 n
105 2548 150 2611 du
178 2547 355 2610 uersutiam
384 2551 413 2611 et
440 2547 620 2611 suasionem
641 2547 678 2610 in
700 2545 831 2610 uulnere
852 2550 881 2608 et
903 2547 939 2609 in
963 2545 1097 2610 tiuarem
1120 2566 1237 2630 eorum,

106 2650 164 2731 qni
185 2650 341 2715 aduersus
361 2653 583 2714 testamentum
606 2654 634 2715 et
655 2649 784 2714 domum
805 2653 952 2714 sunctum
973 2653 1064 2713 tuom
1086 2655 1115 2714 et
1136 2652 1237 2715 nemi-

107 2772 155 2818 ces
183 2753 261 2820 Sion
288 2757 318 2818 et
344 2753 454 2819 domni
481 2753 666 2817 retentionis
691 2751 835 2834 ,iliorum
864 2757 993 2824 tuorum
1021 2753 1240 2835 copitauerunt

104 2855 200 2923 dura.
237 2857 291 2938 tao
313 2861 349 2921 tn
369 2875 465 2939 snper
486 2875 611 2921 omnem
630 2861 753 2938 pentem
782 2861 809 2920 ct
839 2855 957 2922 tribum
986 2877 1109 2922 omnem
1136 2858 1240 2923 sciant

105 2961 185 3042 puin
207 2965 243 3025 tu
265 2981 297 3026 es
318 2961 395 3025 deus
416 2961 587 3025 uniuersae
603 2960 773 3041 potestatis
800 2965 828 3024 et
856 2960 1006 3039 uirtutis,
1043 2964 1070 3023 ct
1099 2980 1166 3025 non
1194 2965 1239 3025 cst

68 3089 92 3128 ss
106 3063 195 3128 atius
216 3064 361 3145 defensor
380 3065 506 3147 pencris
528 3065 634 3128 Isroei
650 3068 782 3145 praeter
804 3069 842 3128 tc.

148 3166 205 3231 XI.
242 3166 326 3248 Quid
349 3167 490 3232 adhaec
519 3167 656 3250 prudens
685 3185 775 3230 mens
803 3168 860 3230 tua
890 3166 1005 3230 sentire
1037 3166 1238 3249 dignabitur?

107 3271 335 3352 numquidnam
357 3270 476 3351 poteris
501 3270 605 3334 dicere
627 3271 700 3351 post
722 3271 801 3333 henc
828 3269 886 3332 deo
909 3268 1012 3333 fulsum
1035 3269 1237 3334 contrareli-

106 3374 210 3456 gionis
235 3375 343 3438 hostes
372 3374 637 3451 obsecrationem,
673 3371 758 3455 quod
782 3373 864 3463 enim
887 3390 944 3436 nos
966 3372 1050 3436 melo
1074 3373 1181 3438 ordino
1203 3373 1236 3437 te

107 3478 219 3541 eontra
248 3477 400 3555 nitemur,
435 3477 510 3560 quie
541 3478 684 3541 dicamus
711 3475 787 3541 tibi:
821 3480 879 3540 aut
906 3477 1026 3559 corripe
1055 3478 1130 3542 nias
1164 3482 1236 3542 tuus

70 3615 93 3654 n
103 3602 233 3662 prunas
261 3587 290 3646 ct
317 3582 386 3647 noti
415 3582 473 3646 toiri
499 3584 537 3646 in
564 3582 695 3663 imperii
721 3581 772 3644 tui
795 3579 923 3661 plaeere
939 3581 1085 3661 potentio
1108 3585 1165 3644 out
1186 3601 1236 3646 co-

105 3705 217 3766 pnosee
248 3685 291 3749 ad
318 3684 458 3749 nitidum
487 3689 515 3749 te
536 3688 792 3768 peruenturum?
836 3683 912 3765 quid
941 3684 1028 3748 aliud
1056 3703 1113 3750 nos
1142 3686 1236 3751 hodie

107 3787 243 3852 secunus
267 3786 318 3852 dei
340 3790 434 3867 serui,
457 3789 526 3854 eius
549 3788 674 3853 diuinae
697 3787 925 3870 magnitudinis
949 3788 1148 3867 sacerdotes,
1176 3788 1235 3852 nisi

158 3977 277 4046 3aequo
373 3979 495 4046 ttcnso]
513 3993 594 4046 gaeso
613 3981 641 4031 et
659 3979 729 4032 coni.
752 3977 926 4031 Gattaudius
1022 3951 1172 4030 fundebilis

108 4064 230 4118 dbellun
299 4063 411 4116 ididuc
429 4065 497 4130 sort.
578 4064 790 4134 deogitauerint
808 4069 875 4117 m.1
957 4061 1238 4116 incircuncisus

107 4166 139 4217 ,n
155 4152 232 4204 natis
251 4154 347 4219 (eorum
365 4148 460 4216 omi),
479 4166 523 4205 eos
545 4153 594 4216 Vr,
613 4167 702 4206 seruos
720 4152 787 4218 fort.
809 4151 943 4219 (πάταξον
963 4149 1074 4218 δοῦλον)
1150 4151 1183 4202 16
1200 4151 1239 4202 in-

107 4237 239 4290 firmorum
256 4255 274 4290 n
341 4236 375 4288 23
394 4239 468 4288 dura.
484 4236 528 4291 isc
546 4240 577 4290 tu
595 4239 708 4306 scripsi,
727 4237 793 4291 dure
810 4238 883 4292 teate
899 4238 946 4302 Vn,
967 4237 1039 4292 dure.
1058 4235 1094 4288 nt
1110 4235 1152 4288 fae
1171 4237 1240 4292 coni.

111 4322 282 4377 Gattandius
