3050 5000
359 377 424 441 306
849 370 999 425 Luciferi

358 563 482 645 reprobi
497 564 583 628 circu
596 563 700 645 fidem,
715 563 770 627 sed
784 561 872 626 uldra
887 582 952 626 nen
960 565 1150 648 proficiam
1171 565 1356 648 insipientia
1367 585 1431 630 canu

358 666 534 747 manifesta
559 667 621 730 erit
648 665 793 730 mesas
820 667 903 730 sicud
923 671 953 730 ei
980 666 1112 732 illarum
1138 668 1217 749 fnit,
1254 668 1287 732 eb
1306 667 1381 732 infra:
1400 673 1432 733 eil

359 777 482 852 temptes
501 790 572 836 ean
594 789 709 834 sanan
730 769 910 833 doctrinam
938 789 1004 834 nen
1032 770 1248 854 enslincbnnd,
1283 771 1331 835 sed
1354 772 1386 835 ad
1400 794 1432 838 ea

361 874 519 939 desideria
544 871 779 938 csacemabsnl
805 871 867 936 sabi
895 871 1063 955 sapiebas
1087 875 1275 954 pendentes
1301 881 1432 938 careda

359 977 493 1042 uerene
512 977 639 1057 quiden
663 975 813 1038 amdan
834 979 986 1054 amnes,
1009 976 1054 1042 ad
1074 975 1209 1058 fabulas
1232 981 1334 1042 anbn
1352 993 1447 1043 ceam'

359 1087 472 1148 enter.

401 1185 457 1249 xi.
480 1183 635 1247 Desarene
658 1181 866 1262 apostolicam
889 1179 996 1259 fidem,
1031 1199 1205 1248 conuersus
1232 1183 1274 1246 ad
1294 1183 1434 1250 fabulasut

361 1305 475 1352 cancer
503 1285 549 1349 iba
570 1302 674 1348 sermo
695 1284 770 1346 tuus
793 1284 876 1366 qued
907 1301 1031 1366 serpere
1053 1286 1163 1366 possit,
1200 1305 1277 1349 cum
1299 1286 1434 1366 praedixerit

362 1410 415 1456 ere
438 1387 571 1472 apastoli
594 1387 722 1468 spiritus
737 1387 875 1463 sanctes,
893 1387 1065 1452 catholicas
1082 1387 1161 1452 dicis
1178 1388 1331 1452 enaticus
1346 1389 1371 1451 el
1381 1389 1434 1469 paulu

360 1495 432 1577 pcsb
452 1494 552 1574 ipsam
582 1508 677 1571 quam
704 1489 894 1554 catholicam
918 1490 1046 1555 dicebas
1068 1509 1229 1573 quamque
1253 1509 1309 1555 nes
1330 1492 1443 1573 suscipere

362 1597 499 1680 cogebas
527 1594 607 1657 dicis
630 1611 700 1657 esse
722 1593 960 1675 blasphemiam.
1004 1586 1087 1658 ilem
1103 1595 1174 1676 pasl
1201 1594 1359 1677 paululum
1381 1613 1435 1674 quau

363 1716 444 1763 nunc
473 1695 673 1760 adstruxeras
703 1693 788 1777 apud
810 1694 1021 1760 Anticmencs
1050 1697 1160 1760 cenna
1182 1697 1339 1760 Adexium
1362 1695 1435 1759 facien

361 1801 459 1865 fuisse
481 1798 720 1880 blasphemiam,
754 1797 857 1878 ipsam
886 1797 1001 1862 iberum
1031 1815 1111 1862 nune
1142 1799 1255 1866 murae
1285 1799 1434 1864 catholicae:

362 1903 445 1968 unde
469 1905 501 1966 et
522 1899 678 1965 Adcxium
701 1900 971 1982 Constantincpch
1001 1919 1070 1966 esse
1094 1904 1268 1981 censueris,
1302 1902 1374 1986 quud
1390 1902 1434 1964 euin

361 2007 464 2088 ipsum
479 2005 660 2088 probaueris
675 2004 878 2069 cabhoheum.
903 2005 985 2068 scias
1000 2005 1108 2086 itaque
1124 2024 1160 2069 ex
1177 2007 1238 2072 hoc
1255 2008 1322 2088 ipsu
1336 2006 1446 2088 queuiuuss

361 2109 487 2174 intersit
506 2108 589 2172 inber
610 2125 721 2171 uerum
744 2107 839 2189 abque
861 2106 985 2185 falsum,
1021 2108 1145 2190 quande
1166 2110 1237 2192 ipse
1268 2128 1337 2173 cum
1361 2107 1434 2172 sisu

361 2214 421 2278 tibi
442 2211 579 2290 uidetur,
601 2211 720 2292 peribus
741 2211 923 2293 habeasque
947 2211 1136 2276 dictatorum
1160 2211 1356 2296 designatum
1368 2229 1434 2274 nune
1453 2289 1454 2294 ἵ

362 2335 443 2393 rum,
464 2317 572 2379 tamen
594 2313 784 2396 persuadere
808 2313 886 2377 nulli
914 2313 973 2378 nisi
1003 2314 1049 2378 eis
1078 2315 1130 2396 qui
1159 2316 1366 2380 carnificinam
1385 2297 1454 2378 lueul

362 2419 536 2482 timuerunt
550 2419 582 2480 be
597 2417 738 2500 petuisse
755 2416 975 2492 aduertamun
991 2435 1148 2496 nossem,
1173 2420 1289 2502 quibus
1305 2420 1342 2482 sd
1353 2420 1434 2500 luqueu·
1453 2393 1454 2457 l

364 2523 439 2587 dum
472 2522 585 2585 nabura
617 2520 749 2597 sufficit,
786 2520 880 2585 alieni
920 2522 958 2584 ab
997 2522 1080 2585 omni
1114 2523 1249 2587 scientia
1288 2522 1446 2587 ethneabm

361 2625 550 2700 litterarum,
579 2624 621 2688 ad
648 2642 774 2688 amnem
798 2624 1022 2689 destruendam
1042 2626 1207 2691 haeresem
1231 2626 1374 2702 ualemus,
1396 2622 1434 2703 quie

363 2746 415 2791 res
436 2727 507 2808 ipss
529 2728 562 2790 et
582 2726 701 2790 ueritas
722 2726 900 2809 loquantur.
938 2728 974 2792 hu
999 2746 1035 2792 ec
1057 2730 1106 2792 tui
1129 2730 1292 2795 adiutores
1311 2729 1434 2793 libanum

364 2830 568 2894 ethnicalium
589 2830 716 2911 plenam
739 2830 870 2895 ausisdis
894 2832 1009 2908 ariem3
1031 2851 1087 2897 nos
1110 2852 1219 2898 sumus
1242 2833 1359 2898 aarum
1372 2844 1433 2893 sacre

369 2933 506 2997 seientes
525 2932 659 2997 liberas.
696 2935 805 2998 nester
828 2953 930 2999 sermo
960 2936 1009 2999 esi
1031 2937 1216 3014 cummunis,
1247 2937 1352 3001 cenhe
1373 2931 1434 2995 uude

367 3036 484 3117 pehbns
507 3036 644 3114 ornatus,
679 3038 733 3118 qni
756 3038 852 3101 eiiam
876 3038 938 3103 dici
960 3040 1118 3103 mereatur
1142 3040 1295 3115 disertum
1329 3040 1356 3103 et
1372 3038 1446 3099 terr

363 3140 500 3204 suadere
522 3138 625 3203 dulcis
647 3158 704 3222 per
726 3140 826 3205 artem
849 3142 1010 3223 quaesitus
1032 3162 1134 3207 sermo
1156 3142 1266 3208 nemer
1288 3142 1358 3207 nulli
1374 3138 1453 3223 pube¹

368 3241 617 3307 Christianorum
638 3243 699 3308 nisi
723 3244 752 3307 ei
775 3244 830 3326 qui
851 3262 912 3309 ncn
935 3245 985 3323 sit,
1009 3246 1066 3309 sed
1080 3247 1205 3311 lantum
1229 3246 1355 3322 dicatur,
1374 3243 1398 3305 ul
1411 3240 1453 3311 hl

367 3345 516 3426 quicum
539 3346 582 3411 sis
604 3346 707 3429 lupus,
736 3366 819 3412 uuus
842 3366 911 3413 esse
941 3349 979 3412 de
1003 3348 1113 3414 cuibus
1137 3352 1175 3414 ah
1198 3348 1307 3414 insciis
1326 3314 1453 3411 iudicarul

366 3449 436 3529 quis
457 3448 523 3511 tam
548 3467 655 3515 excuss
671 3450 720 3515 esi
742 3452 804 3515 nisi
820 3452 855 3515 ui
870 3453 905 3516 ee
929 3452 982 3535 qui
999 3470 1121 3517 emnem
1135 3454 1281 3518 hauseris
1297 3447 1432 3514 amenum

367 3552 438 3633 queis
468 3552 517 3616 est
547 3552 598 3617 dei
626 3554 816 3620 famularum
840 3556 892 3638 qui
915 3556 993 3621 nclil
1016 3556 1191 3622 denotionis
1215 3547 1446 3636 obsequiorum·

467 3705 738 3772 summes-5
808 3708 1096 3773 schamem

416 3842 540 3897 dearces
609 3844 641 3897 10
658 3860 708 3899 nes
725 3860 812 3900 ens
892 3844 924 3899 12
941 3848 1004 3900 inne
1022 3846 1093 3902 ceni.
1114 3848 1289 3907 Gallundiae
1349 3846 1394 3914 aput

366 3930 477 3984 adenem
565 3932 598 3984 14
615 3930 728 3985 adoxnm
832 3930 864 3985 15
882 3933 971 4001 itaque
993 3934 1165 4003 Ketiquec
1268 3936 1302 3988 20
1318 3926 1452 3987 emmelim

367 4018 477 4086 scripsi,
496 4020 524 4072 et
540 4018 601 4071 hine
619 4019 673 4072 alib
695 4019 726 4081 V,
745 4019 774 4071 et
791 4017 852 4071 hinc
871 4018 951 4073 eliani
968 4036 999 4089 υς
1020 4020 1057 4087 cf.
1077 4021 1191 4075 Tertull.
1212 4022 1246 4075 de
1264 4024 1340 4090 speci.
1355 4020 1368 4071 5
1380 4010 1430 4067 deb·

365 4104 516 4157 mentis
535 4102 705 4158 ethnicalium
713 4104 862 4157 litterarum
929 4102 963 4158 22
980 4120 1011 4158 ac
1028 4106 1127 4159 ueritas
1143 4105 1287 4174 loquitura
1346 4092 1430 4153 aselli

366 4206 462 4260 callum
479 4208 589 4276 scripsi,
609 4210 637 4260 et
652 4206 715 4261 hinc
733 4208 814 4261 aliam
835 4208 874 4263 Vc
961 4180 1047 4261 sacra⁰
1120 4207 1252 4262 seusun
1270 4198 1430 4277 quiseipdl

368 4294 412 4361 qui
428 4296 459 4345 tu
480 4294 526 4361 Vc,
546 4292 590 4363 qui
606 4296 637 4347 nt
653 4296 685 4347 tn
703 4294 791 4349 Geleti
