3050 5000
482 393 524 447 De
541 395 632 447 sancto
650 392 798 447 Athanasio
816 394 883 448 liber
900 394 932 449 11.
1214 393 1275 463 175

141 586 241 650 morie
262 580 305 646 ad
326 581 441 665 uitam,
469 582 623 663 qooaiom
649 602 797 647 amamus
825 583 962 665 fratrem
991 585 1047 665 qai
1076 590 1181 661 autem
1198 606 1275 653 ,noa

142 691 235 754 maai
249 690 357 751 monet
370 686 410 749 ia
425 689 563 749 mortem.
587 686 691 749 anais
705 687 761 767 qui
775 686 841 751 odit
855 686 990 766 fratrem
1005 707 1099 751 suom
1113 688 1274 762 homicida

142 796 209 873 est,-
226 796 258 855 et
278 790 367 855 scitis
388 790 468 871 qaia
490 790 593 885 ommis
614 788 777 853 homicida
798 810 865 853 aea
886 788 1097 855 taraucam
1112 794 1274 868 oeterqam

140 896 182 959 ia
203 914 235 959 se
256 896 445 957 marcentem.
471 910 543 956 curn
558 892 665 974 itaque
682 892 783 957 omnis
799 892 853 974 qui
869 892 956 957 odire
971 892 1131 957 inuenitur
1145 892 1274 969 fratrem

112 998 229 1063 efinus
245 996 369 1061 dicatm
392 996 519 1072 diaboli,
543 995 711 1074 homicida,
727 996 806 1061 (lain
831 996 965 1078 denique
988 996 1169 1061 iretricidae
1186 1016 1275 1063 oom-

140 1102 281 1183 paretur,
313 1100 347 1165 in
380 1100 515 1165 mortem
547 1118 675 1164 manere
705 1100 904 1182 designetur,
938 1119 994 1165 cur
1026 1120 1077 1165 me
1106 1102 1165 1165 hoc
1197 1120 1274 1183 opus

142 1205 276 1287 implere
306 1202 529 1285 compellebas,
557 1201 642 1284 quod
668 1222 719 1267 me
748 1202 785 1266 ut
816 1203 894 1269 Cain
923 1202 1051 1269 fecisset
1080 1203 1275 1268 fratricidam

144 1308 286 1373 etfihum
300 1307 427 1383 diaboli,
441 1306 526 1389 quod
536 1326 588 1371 mo
599 1307 630 1371 in
644 1307 778 1371 mortem
790 1306 975 1387 perpetuam
986 1306 1273 1371 feoissetmanere?

140 1412 219 1475 hum
240 1412 306 1476 iam
320 1410 433 1475 uideas
455 1429 507 1474 me
532 1410 702 1475 transitum
715 1410 829 1475 fecisse
847 1409 885 1473 de
901 1411 1001 1474 morte
1020 1410 1060 1475 ad
1076 1410 1185 1488 uitam,
1202 1429 1276 1475 cum

98 1528 131 1567 1⁰
142 1515 228 1579 inter
251 1533 304 1579 eos
328 1532 406 1595 quos
428 1513 511 1578 filios
536 1513 695 1595 appellare
725 1512 873 1595 dignatus
904 1513 954 1577 est
979 1532 1031 1577 me
1061 1514 1125 1577 iam
1155 1513 1274 1579 consti-

143 1618 242 1683 tuerit
265 1617 353 1692 deus,
378 1635 472 1699 quam
496 1618 535 1681 oh
558 1635 688 1681 causam
710 1634 761 1679 me
786 1615 864 1681 Cain
879 1615 948 1681 fieri
972 1616 1112 1691 uoluisti,
1128 1617 1275 1681 tenebras

146 1722 244 1785 otiam
267 1722 299 1785 et
321 1719 422 1785 hlium
445 1719 585 1785 diaboli?
607 1722 640 1783 in
662 1740 724 1801 quo
746 1720 779 1784 te
794 1719 884 1797 laesi,
900 1720 933 1784 in
949 1720 1062 1801 quihus
1076 1721 1170 1783 rebus
1188 1718 1276 1783 extiti

147 1811 351 1888 aduersarius
375 1822 489 1888 salutis
514 1824 599 1900 tuae,
616 1823 653 1885 ut
666 1822 745 1887 mihi
761 1822 951 1887 desideraris
966 1822 1013 1885 ita
1030 1841 1098 1887 esse
1115 1822 1275 1887 nocitum?

144 1946 203 1991 cur
224 1928 303 1992 haec
326 1927 478 1991 iteramus
507 1926 567 1991 nisi
589 1928 625 1989 ut
649 1925 817 2008 aliquando
844 1923 1031 2007 intellegere
1053 1926 1165 2007 possis,
1191 1923 1276 2006 quod

100 2042 133 2083 1⁵
147 2031 232 2095 enim
254 2029 404 2112 quidnam
427 2029 470 2094 sit
491 2030 608 2095 honum
631 2030 675 2095 sis
697 2031 867 2111 ignorans?
891 2029 918 2093 si
941 2029 1024 2093 enim
1050 2029 1157 2105 sciren,
1181 2048 1275 2093 num-

147 2152 241 2215 quam
273 2134 306 2198 et
334 2133 402 2215 ipse
430 2133 556 2198 tantum
585 2134 768 2199 admisisses
795 2131 918 2197 facinus
947 2131 979 2196 et
1014 2151 1070 2197 nos
1103 2131 1276 2213 perpetrari

144 2255 285 2319 urgeres.
311 2237 399 2302 dicas
423 2236 504 2301 inter
527 2238 607 2302 haee
629 2255 749 2319 precor,
775 2236 977 2318 quamohrem
1003 2235 1200 2317 persequeris
1225 2234 1276 2299 dei

147 2340 259 2405 domus
284 2340 479 2405 antistitem?
504 2340 583 2404 dicit
605 2339 688 2404 enim
711 2338 881 2421 apostolus
899 2338 972 2421 quie
987 2339 1044 2420 qai
1060 2339 1125 2403 odii
1140 2338 1276 2419 fratrem
1312 2380 1313 2383 =

145 2463 239 2510 soom
261 2443 420 2509 homicida
443 2448 497 2509 est.
533 2444 561 2508 si
584 2462 644 2508 non
667 2443 716 2508 uis
738 2444 855 2508 hahere
878 2441 1057 2506 homicidae
1080 2460 1203 2528 nomen,
1220 2459 1275 2505 our

102 2546 217 2612 modis
235 2547 380 2624 ‚fratrem
412 2548 527 2612 tunm?
563 2548 661 2629 proha
690 2546 762 2612 odio
792 2546 921 2628 dignum
950 2545 1171 2622 Athanasium,
1201 2543 1276 2626 quid

145 2650 302 2714 malorum
325 2651 474 2732 operatus
496 2651 539 2715 sit
561 2650 739 2727 manifesta,
762 2651 799 2714 ut
821 2651 863 2714 sit
886 2648 966 2714 odiri
995 2648 1108 2731 dignus
1125 2647 1220 2712 etiam
1237 2647 1276 2711 ah

97 2753 104 2766 '
147 2753 291 2818 omnihus
320 2753 419 2817 nobis.
457 2752 598 2835 profecto
619 2771 681 2818 non
704 2753 794 2818 dabis
818 2772 896 2834 opus
921 2751 1126 2816 commissum
1150 2749 1276 2832 aliquod

146 2857 297 2922 iniustum
321 2855 405 2940 qued
428 2875 500 2921 eum
514 2856 614 2922 faciat
636 2856 789 2922 odiosum.
813 2876 887 2924 oum
902 2857 981 2922 haec
997 2855 1044 2920 ita
1059 2855 1130 2932 sint,
1146 2871 1276 2918 necesse

149 2956 197 3024 est
217 2959 250 3022 te
272 2958 392 3024 idcirco
424 2959 528 3025 odisse
555 2959 661 3036 illum,
691 2959 766 3040 quia
795 2977 873 3041 opus
900 2959 992 3022 tuum
1022 2958 1064 3021 sit
1092 2957 1275 3038 malignum,

103 3060 313 3126 nsAthanasii
336 3081 411 3127 uero
433 3062 562 3126 iustum.
585 3061 752 3144 propteroa
776 3061 895 3128 etenim
918 3061 967 3125 uis
991 3059 1169 3125 interficere
1193 3075 1274 3132 eum,

145 3162 232 3245 quod
253 3181 315 3228 non
335 3162 699 3228 neocaesaream
720 3162 932 3228 facinorosum
961 3163 1055 3245 atque
1086 3160 1276 3242 sacrilegum

147 3264 300 3330 imitatus.
324 3266 451 3330 constat
472 3267 550 3330 haec
573 3265 620 3330 ita
643 3284 723 3330 esse.
746 3284 820 3330 cum
844 3265 927 3331 enim
943 3265 1100 3348 gloriosus
1116 3262 1276 3346 apostolus

151 3367 229 3433 Cain
253 3369 285 3433 et
306 3367 389 3434 Abel
409 3369 582 3435 introducit
605 3369 883 3450 comparationem,
905 3369 940 3433 tn
964 3368 1042 3432 mihi
1065 3385 1135 3434 esse
1157 3365 1276 3430 uideris

150 3469 237 3549 Cain,
261 3471 454 3537 Athanasius
475 3490 552 3536 uero
574 3471 665 3548 Abel,
687 3491 727 3536 ea
748 3472 804 3537 hoc
820 3476 978 3554 appareat
990 3471 1064 3554 solii,
1090 3469 1209 3546 dicens,
1223 3469 1274 3534 dei

104 3577 175 3637 aet
194 3575 260 3656 pilii
280 3575 412 3639 diaboii.
449 3595 555 3639 omncs
577 3575 633 3656 qai
653 3595 720 3639 aea
740 3579 785 3640 est
807 3576 913 3640 iustas
934 3595 1000 3640 aon
1022 3579 1066 3641 eri
1094 3595 1132 3640 ec
1160 3575 1216 3640 deo
1246 3578 1275 3636 ei

136 3672 204 3758 ‘qai
225 3661 291 3742 aaa
312 3682 402 3741 amat
422 3679 559 3760 fratrem
580 3697 684 3756 mom,
701 3678 855 3759 quoniam
868 3676 946 3743 hacc
960 3677 1161 3758 repromissio
1176 3694 1273 3758 quom

251 3879 284 3934 18
301 3879 386 3935 110h.
405 3879 431 3943 3,
451 3880 483 3933 12
552 3880 586 3934 29
605 3880 640 3935 ib.
658 3879 683 3947 3,
703 3879 806 3932 10-12

198 4084 317 4139 imorte
335 4102 351 4140 v
420 4087 437 4140 6
454 4088 565 4140 mortem
583 4087 694 4155 scripsi,
712 4088 796 4140 morte
819 4088 845 4140 V
917 4085 951 4140 10
969 4086 1039 4140 filios
1056 4085 1101 4140 dei
1117 4085 1188 4140 coai.
1212 4084 1277 4139 Gal-

148 4188 265 4262 laqdioa
337 4189 368 4242 11
386 4154 418 4243 iit
435 4189 467 4258 (⁰b
484 4207 518 4244 m.
537 4191 602 4258 rec.)
640 4163 643 4170 Ι
679 4189 712 4242 12
731 4190 821 4244 extitit
838 4195 907 4246 ml
985 4189 1019 4244 15
1037 4189 1107 4244 enim
1124 4205 1209 4243 omo

149 4308 181 4361 16
198 4280 348 4392 perpetrari·
361 4311 382 4376 (⁰
399 4326 433 4364 m.
451 4312 516 4377 rec.)
588 4283 767 4382 laconiae
784 4328 818 4364 m.
837 4311 902 4378 rec.)
