3050 5000
386 400 427 453 De
445 417 498 453 non
516 399 647 469 parcendo
665 401 694 453 in
711 399 789 454 deum
807 400 1027 469 delinquentibus.
1210 400 1273 465 229

145 591 265 673 poteris
289 590 449 668 dubitare,
474 589 597 655 exiliis
623 586 745 652 dictum
768 589 806 654 de
830 591 943 672 quibus
967 589 1082 654 audisti
1104 590 1273 671 prophetas
1328 586 1330 591 ’

147 714 168 759 a
191 694 331 759 domino:
353 698 448 773 citu,
470 694 522 776 nrt
542 692 692 775 dominis,
715 713 755 757 ne
776 694 920 759 timueris
942 714 1040 776 neque
1062 694 1274 776 trepidoucris

147 818 170 861 a
191 797 274 878 fecie
295 817 413 875 eornm,
436 787 588 878 qnoniam
609 795 847 875 effuriabuntur
868 802 898 861 et
919 802 1107 863 concurrent
1129 801 1225 878 super
1247 801 1275 862 te

145 900 185 963 in
206 900 342 966 circuitu
364 903 395 969 et
414 901 452 962 in
473 898 575 963 medio
596 898 798 978 scorpionum
820 903 855 963 tu
877 898 1011 963 dubitus.
1046 900 1118 963 hinc
1140 899 1200 965 tibi
1222 902 1273 963 in-

118 1001 257 1067 siuriosi
280 1020 398 1080 snmus
422 1002 497 1084 quia
517 1001 629 1065 uideas
650 1000 722 1063 tea
743 1000 833 1066 nobis
856 1002 1013 1083 scorpium
1028 1003 1145 1067 uocari.
1169 1002 1197 1067 si
1214 1022 1274 1067 non

145 1105 181 1169 te
204 1123 273 1170 esse
297 1106 453 1187 scorpium
477 1105 609 1168 dixisset
634 1104 720 1180 deus,
754 1104 867 1169 merito
889 1123 940 1169 me
965 1104 1086 1169 diceres
1109 1106 1274 1169 contume-

146 1207 279 1283 iiosum3
313 1227 394 1273 nune
419 1226 494 1272 uero
518 1208 642 1273 actibus
663 1208 696 1271 te
718 1207 782 1271 tuis
804 1206 987 1272 manifestas
1017 1226 1085 1273 esse
1117 1209 1274 1292 scorpium

148 1311 182 1373 et
204 1329 239 1375 es
260 1310 377 1375 frustra
400 1311 566 1375 clamitans
588 1310 813 1375 contumeliam
835 1312 867 1376 te
890 1311 956 1392 pati
980 1330 998 1375 a
1020 1311 1118 1377 nobis.
1144 1312 1274 1377 deusto

148 1414 306 1496 scorpium
336 1433 406 1479 esse
436 1414 528 1491 dicit,
562 1416 595 1477 et
620 1415 697 1478 mihi
719 1414 867 1478 irasceris
890 1416 999 1478 curte
1024 1434 1059 1479 eo
1081 1434 1194 1480 uocem
1216 1436 1274 1483 no-

102 1541 134 1579 10
146 1516 253 1582 mine?
266 1535 356 1599 ,quae
380 1517 459 1582 haee
483 1517 674 1581 contumelia
697 1523 755 1597 est,
780 1518 807 1582 si
830 1516 954 1582 dicatur
975 1507 1049 1583 tibi:
1072 1520 1140 1583 nisi
1158 1524 1274 1584 teuer-

148 1621 226 1684 teris
247 1622 291 1685 od
311 1623 415 1699 deum,
438 1624 501 1687 eris
523 1642 644 1705 semper
665 1642 750 1688 unns
772 1628 808 1687 nt
830 1644 915 1688 nnnc
938 1642 969 1687 es
991 1644 1029 1687 ex
1048 1624 1275 1705 scorpionibus,

151 1742 189 1787 ex
209 1726 405 1791 uastissimis
426 1746 511 1791 unus
532 1727 678 1791 inimicis
698 1728 771 1792 dei?

194 1828 232 1892 X.
255 1829 407 1892 Percurre
430 1827 552 1911 reliqua
565 1828 713 1893 Ezechiel
734 1830 914 1911 prophetae,
940 1830 972 1893 et
995 1829 1075 1893 aude
1097 1848 1148 1893 me
1172 1828 1276 1893 dicere

148 1932 352 2010 insolentem,
376 1934 560 2016 superbum,
584 1932 861 2011 contumeliosum,
886 1934 1121 1998 contumacem:
1156 1938 1185 1999 et
1206 1933 1275 2014 fuc-

100 2068 133 2109 1⁵
149 2041 218 2101 tum
230 2041 286 2101 ‘est
306 2036 436 2101 uerbum
457 2038 581 2102 domini
603 2038 646 2100 od
667 2057 721 2114 nee·
737 2037 866 2101 dicens:
887 2037 938 2119 nit
953 2036 1100 2117 dominis,
1125 2057 1189 2103 eece
1203 2036 1275 2102 dedi

150 2146 179 2205 te
199 2141 427 2223 speculatorem
454 2142 567 2207 domus
588 2140 709 2220 Israel,
743 2143 775 2205 et
803 2140 916 2205 medies
937 2141 975 2205 de
997 2160 1048 2205 ore
1070 2161 1136 2205 meo
1158 2160 1275 2204 sermo·

149 2264 222 2308 nem
243 2250 272 2309 et
293 2246 535 2311 commisceberis
556 2246 600 2309 eis
622 2267 644 2309 a
665 2264 714 2309 me
733 2246 773 2309 in
795 2265 827 2311 eo
849 2246 931 2327 qnod
952 2246 1058 2311 dicum
1080 2246 1123 2311 ud
1140 2245 1275 2310 sceiere-

149 2350 236 2411 tum:
258 2352 356 2413 morte
377 2350 531 2432 morieris.
567 2354 595 2413 et
618 2368 684 2413 non
705 2349 885 2413 distinxisti
906 2346 959 2412 iiii
980 2366 1080 2429 neque
1101 2346 1220 2413 locutos
1236 2366 1276 2426 es,

149 2455 187 2515 ut
208 2452 415 2534 distinpueres
435 2453 584 2518 scelerato
606 2457 748 2517 euenere
770 2472 792 2516 o
813 2452 878 2517 niis
900 2453 983 2530 suis,
1017 2452 1185 2529 otmunt,
1217 2450 1276 2516 iiie

100 2584 134 2624 so
150 2555 320 2620 sceleratus
340 2558 378 2620 in
398 2557 565 2620 iniustitia
592 2575 653 2620 sno
683 2557 843 2636 morietur,
878 2559 906 2618 et
933 2556 1123 2638 sonpuinem
1148 2556 1276 2620 eiusde

151 2679 253 2723 monn
281 2665 338 2724 tna
367 2661 543 2741 inquirom.
579 2663 610 2724 et
638 2664 673 2723 tm
700 2661 730 2723 si
758 2660 945 2724 distinxeris
978 2659 1125 2724 scelerato
1153 2663 1182 2723 et
1213 2678 1277 2723 non

152 2766 322 2827 auersatus
344 2763 444 2844 fuerit
466 2763 505 2826 ob
527 2762 637 2827 sceiere
658 2782 714 2826 suo
737 2767 766 2826 et
788 2763 849 2826 nio
870 2781 944 2838 suo,
973 2763 1142 2826 sceleratus
1164 2761 1219 2826 iiie
1241 2763 1277 2826 in

150 2864 318 2930 iniustitia
338 2885 400 2929 suu
422 2866 581 2945 morietur,
608 2869 639 2929 et
659 2869 695 2928 tu
716 2865 862 2928 animem
884 2868 974 2929 tuom
1001 2864 1158 2928 liberetis.
1192 2869 1221 2928 et
1242 2866 1278 2929 in

151 2987 186 3032 ee
212 2969 250 3032 in
277 2989 338 3050 quo
360 2969 554 3034 cduersutur
574 2971 679 3033 iustus
700 2991 724 3034 o
742 2969 879 3032 iustitiis
906 2970 973 3032 suis
1002 2973 1030 3031 et
1059 2968 1157 3049 faciet
1177 2967 1277 3031 deiic-

101 3098 135 3138 is
151 3077 229 3156 nrm,
252 3077 281 3136 et
302 3072 381 3138 doto
402 3077 592 3137 tormentum
606 3073 645 3135 in
658 3073 743 3155 forie
757 3073 833 3152 eins,
857 3072 925 3152 ipse
941 3072 1103 3154 morietur,
1128 3067 1279 3151 quonium

152 3196 219 3240 non
238 3175 419 3239 distinxisti
439 3175 502 3240 itii.
526 3181 554 3239 et
575 3176 613 3239 in
631 3175 771 3255 peccetis
793 3175 861 3239 suis
883 3173 1044 3252 morietur,
1067 3193 1100 3237 co
1116 3172 1198 3254 quod
1213 3191 1278 3235 non
1385 3236 1387 3240 ,

62 3363 67 3370 ⁴
149 3280 277 3343 sintin
298 3282 481 3344 menmium
503 3279 646 3343 institiae
666 3280 744 3358 eins,
768 3283 797 3342 et
818 3279 1008 3360 sanquinem
1029 3278 1097 3340 eius
1118 3277 1156 3341 de
1177 3295 1277 3340 monn
1372 3355 1375 3362 ι

152 3387 211 3447 tuo
239 3382 417 3462 montrum.
455 3386 489 3446 tu
511 3386 617 3447 eutem
637 3382 668 3446 si
689 3379 877 3446 distinxeris
904 3381 987 3445 iusto
1009 3399 1049 3444 ne
1071 3379 1278 3460 derelinquet,

70 3537 73 3540 .
152 3491 182 3548 ct
203 3486 271 3566 ipse
291 3505 358 3550 non
378 3484 593 3568 derelinquet,
628 3485 733 3549 iustus
762 3484 819 3549 iiie
848 3485 963 3548 uiuens
992 3485 1094 3559 uiuet,
1129 3484 1280 3564 quonium

102 3612 136 3652 so
150 3589 331 3654 distinxisti
353 3589 413 3670 iiii,
438 3594 466 3652 ct
488 3594 524 3653 tu
546 3589 692 3652 onimom
715 3592 803 3652 tuum
820 3587 974 3652 suiuubis,
1000 3587 1086 3669 quid,
1105 3584 1278 3661 Constanti,

152 3691 234 3755 dicis
258 3691 299 3754 ad
321 3693 421 3755 haee?
443 3691 653 3755 tacendumne
677 3689 895 3754 sacerdotibus
918 3689 970 3754 dei
993 3689 1054 3753 erit
1077 3689 1109 3753 st
1129 3687 1280 3752 mandata

257 3913 352 3967 14111.
370 3913 395 3983 s,
414 3914 513 3968 16-21

207 4102 380 4170 lpoterito
486 4103 609 4158 dubitare
633 4104 745 4172 scripsi,
769 4103 885 4156 dubitari
906 4103 945 4157 Vc
1053 4099 1213 4169 prophaetae

152 4208 187 4262 13
207 4208 338 4262 aeuechiel
434 4211 464 4262 17
483 4211 657 4264 scaeleratum
760 4210 792 4263 21
812 4209 978 4263 distinerens
1083 4203 1116 4256 22
1134 4203 1214 4258 fueris

149 4336 187 4390 24
201 4332 337 4383 auesatur
347 4329 415 4396 forr.
485 4331 518 4383 ro
532 4305 676 4384 asseruisti
739 4329 773 4382 so
786 4328 945 4382 ostiumst
1008 4326 1038 4379 31
1054 4327 1090 4394 u]
1103 4325 1168 4379 naec
1180 4325 1247 4390 forr.
