3050 5000
268 409 311 477 86
761 406 910 462 Luciferi

270 597 400 675 fecum,
415 599 452 661 ut
468 598 639 664 Christiani
655 599 712 663 sub
728 597 854 662 illerum
872 597 1022 662 ditionem
1038 596 1226 661 ueniremus.
1253 613 1411 678 percurre

271 719 352 782 quae
376 700 549 765 acciderint
576 701 651 778 illis,
683 701 735 784 qui
768 719 873 765 arcem
903 719 936 764 ee
965 699 1016 764 dei
1045 700 1166 783 cepisse
1188 699 1410 772 laetabuntur,

271 804 325 885 qui
346 803 465 868 uirtute
489 803 619 869 deorum
643 823 769 868 sucrum
798 805 913 868 uicisse
944 821 977 868 se
1001 802 1164 868 israelites
1188 802 1349 879 dicebant,
1377 801 1411 864 ei

265 906 412 994 ninuenies
433 925 530 971 unum
557 907 745 984 uexillis,
777 906 905 989 quidsi
931 905 1047 969 fuerint
1076 905 1203 969 demum
1231 904 1408 988 persecuti.

273 1013 305 1074 et
326 1008 522 1093 alieuiqeuee
537 1010 737 1074 abstulerunt
749 1029 860 1073 aream
875 1010 926 1074 dei
942 1029 980 1073 ea
995 1009 1161 1094 Abcueeer,
1179 1015 1207 1073 et
1221 1009 1410 1072 iututeruut
1437 1021 1450 1060 ⁵

270 1111 366 1175 ittam
376 1112 414 1175 iu
425 1112 571 1177 Acetum.
587 1116 615 1174 et
626 1110 1034 1194 sustuleruutatieuiqeaae
1046 1131 1165 1186 arcam,
1182 1116 1210 1174 et
1221 1110 1409 1174 iututeruut

271 1214 366 1279 ittam
388 1216 425 1278 iu
447 1215 573 1279 darum
584 1213 714 1298 Daycu,
737 1218 767 1278 et
792 1212 1027 1278 coltocaueruut
1047 1212 1140 1278 ittam
1162 1213 1256 1276 iuxta
1270 1211 1407 1296 Daycu.

272 1322 301 1382 et
321 1337 416 1381 ruaue
437 1317 659 1400 uisitaueruut
673 1317 778 1394 Arcti,
803 1321 831 1380 et
852 1316 1058 1380 intrauerunt
1080 1317 1117 1380 iu
1139 1317 1266 1382 comum
1280 1315 1408 1400 Dayou

272 1425 302 1484 et
322 1420 482 1485 uiderunt.
505 1427 534 1483 et
555 1437 620 1484 ecce
639 1417 759 1500 Daqou
780 1419 890 1483 cecidit
911 1419 948 1481 iu
962 1417 1079 1500 faciem
1093 1437 1186 1483 suam
1202 1425 1275 1483 aute
1290 1439 1408 1483 arcam

272 1523 334 1589 dei.
359 1527 388 1587 et
408 1522 607 1587 sustulerunt
628 1522 746 1604 Deuca
773 1524 803 1584 et
828 1524 1009 1586 statuerent
1036 1522 1073 1585 ia
1101 1521 1202 1585 tceum
1223 1541 1328 1586 suum.
1380 1527 1448 1586 eta

270 1629 412 1709 arcuum
439 1629 483 1688 est
511 1643 628 1689 manus
655 1625 778 1688 demini
806 1643 900 1706 super
926 1626 1043 1690 Aeetas
1071 1629 1099 1688 et
1127 1625 1290 1690 carciabat
1318 1625 1405 1692 ittae.

272 1732 302 1792 et
329 1728 484 1808 percussit
504 1726 576 1791 titos
603 1729 640 1791 iu
661 1727 803 1792 domitus
826 1748 951 1810 eorum,
982 1729 1019 1791 iu
1050 1730 1183 1793 Arctum
1209 1733 1238 1791 et
1259 1730 1408 1811 reaiaues

272 1831 350 1894 circs.
395 1834 425 1893 et
445 1829 567 1912 factum
588 1834 643 1909 est,
677 1850 748 1894 cum
776 1833 850 1894 aute
878 1832 978 1895 luceru
1006 1831 1204 1914 uiyitasseat
1234 1837 1262 1896 et
1284 1831 1408 1915 Dayerr

273 1931 429 1996 ceciderat
448 1933 485 1996 ia
506 1932 624 2013 faciem
646 1938 720 1997 ante
742 1953 853 1998 arcam
875 1935 1052 1998 testamenti
1079 1934 1212 2019 domiui,
1248 1939 1277 1998 et
1306 1941 1410 2016 caput

275 2034 394 2119 Daqcu
414 2041 444 2100 et
464 2036 554 2100 aruba
581 2037 719 2120 uestiaia
740 2055 857 2102 nauus
879 2038 948 2102 eius
969 2036 1078 2101 atleta
1104 2041 1197 2101 eraut
1214 2059 1274 2119 per
1291 2043 1410 2119 partes
1423 2057 1449 2098 1⁵

273 2145 407 2222 acutum,
436 2144 466 2203 et
486 2139 577 2204 aruba
599 2139 733 2204 articuli
757 2159 875 2206 mauce
904 2139 996 2204 itlius
1024 2141 1204 2204 cecidauut
1229 2141 1266 2204 iu
1294 2141 1409 2206 timere.

275 2243 307 2306 et
327 2242 424 2307 infre:
448 2247 478 2308 et
497 2247 638 2326 arcuata
659 2247 706 2307 est
726 2261 844 2307 manus
866 2243 989 2307 domiui
1010 2263 1108 2325 super
1128 2245 1274 2326 Aeetam,
1299 2249 1329 2306 et
1350 2245 1409 2308 in·

272 2347 367 2410 duait
388 2344 456 2409 iilis
477 2365 591 2428 mures,
620 2350 648 2408 et
669 2347 758 2422 tacte
780 2351 824 2410 est
846 2346 986 2428 confusio
1002 2347 1115 2411 mertis
1127 2365 1247 2429 maana
1264 2347 1303 2410 iu
1321 2348 1406 2411 ciui·

273 2453 344 2513 tate.
392 2453 422 2514 et
447 2449 600 2514 uiderunt
627 2449 696 2513 uiri
717 2451 808 2515 Aeoti
840 2451 990 2533 quautam
1018 2452 1063 2516 sic
1090 2455 1149 2531 est,
1184 2453 1215 2515 et
1240 2450 1406 2525 dicerunt,

273 2553 426 2636 quereiam
440 2573 504 2617 ucu
519 2553 637 2620 scatebit
649 2573 727 2618 arca
743 2552 865 2618 domiai
880 2555 931 2619 dei
945 2554 1048 2619 Israel
1064 2555 1234 2637 uobiscum,
1251 2556 1409 2637 quautam
1422 2568 1447 2610 u

273 2657 359 2720 dura
373 2658 421 2719 est
433 2674 549 2719 mauus
563 2654 655 2720 itlius
670 2673 766 2736 super
780 2674 838 2721 aas
852 2660 882 2720 et
895 2674 991 2738 super
1005 2654 1123 2739 Deuca
1138 2657 1230 2721 deum
1246 2662 1407 2721 uestrum.

274 2761 306 2821 et
322 2757 454 2820 mitturrt
473 2761 503 2820 et
517 2762 692 2822 ccuuccaut
705 2758 829 2841 reyutcs
844 2757 1099 2841 atieaiaeuarum
1114 2760 1158 2823 art
1180 2779 1211 2824 se
1229 2763 1259 2825 et
1275 2760 1409 2825 dicum:

275 2860 352 2942 quid
373 2859 526 2941 faciemus
546 2878 625 2925 arca
646 2860 697 2925 dei
719 2859 846 2926 Israel?
889 2865 918 2925 et
944 2862 1096 2925 dicerunt
1119 2861 1267 2928 Gettaei:
1295 2866 1406 2926 traus-

275 2967 327 3029 eat
347 2981 427 3027 arca
448 2963 499 3028 dei
520 2963 625 3029 Israet
646 2965 684 3028 iu
707 2962 799 3030 Geth.
838 2968 866 3028 et
887 2964 1009 3046 factum
1031 2970 1083 3048 est,
1104 2968 1275 3046 postquam
1297 2970 1408 3029 traus-

274 3065 344 3131 tata
365 3070 410 3130 est
431 3086 510 3130 arca
530 3067 592 3149 dei,
616 3066 705 3148 facta
726 3072 773 3132 est
793 3088 910 3133 mauus
924 3068 1044 3132 dmuiui
1059 3070 1096 3131 iu
1110 3068 1248 3152 ciuitate,
1272 3071 1303 3131 et
1315 3070 1409 3151 facta
1421 3080 1446 3122 2⁵

274 3174 319 3235 est
340 3169 479 3234 turbatio
494 3189 615 3252 maaria
628 3170 733 3235 ualde.
758 3175 789 3235 et
797 3172 959 3253 permissit
972 3172 1060 3235 uiros
1075 3170 1217 3235 ciuitatis
1232 3190 1253 3233 a
1268 3171 1408 3235 minimo

275 3292 372 3355 usquc
399 3272 443 3336 aci
469 3275 656 3354 meatuum,
685 3276 714 3336 et
742 3272 891 3338 ebuttiuit
917 3272 988 3337 iltis
1017 3292 1122 3337 mures
1151 3273 1188 3336 iu
1215 3272 1348 3347 sedibus,
1378 3278 1408 3337 et

275 3377 418 3459 feceruut
446 3376 507 3440 siti
529 3374 662 3441 Gatheai
683 3376 769 3440 series
791 3375 951 3459 pellicias,
980 3379 1010 3441 et
1036 3377 1192 3441 miseruut
1218 3388 1331 3441 arcam
1354 3374 1409 3441 dei

275 3479 314 3543 iu
336 3477 532 3545 Ascalonem.
575 3480 747 3561 attactum
770 3483 823 3563 est,
847 3483 882 3543 at
903 3479 1043 3543 intrauit
1064 3497 1143 3543 arca
1164 3476 1216 3542 dei
1238 3476 1347 3542 Israel
1368 3478 1408 3542 iu

277 3582 484 3662 Asculacae,
518 3581 777 3647 cactamaucruut
811 3582 1042 3648 Ascatoaeuses
1074 3582 1225 3647 diceutes:
1257 3586 1294 3644 ut
1326 3582 1407 3663 quid
1421 3594 1444 3635 ω

276 3684 412 3750 misistis
444 3704 555 3749 arcam
581 3686 633 3750 dei
659 3684 765 3750 lsrael
794 3685 837 3751 act
864 3705 932 3766 aas,
966 3690 1003 3750 ut
1029 3686 1125 3749 morti
1153 3683 1263 3749 tractat
1291 3702 1351 3749 uos
1377 3690 1408 3749 et

379 3892 395 3945 5
413 3889 427 3944 Ι
442 3890 508 3959 Reg.
525 3890 551 3953 5,
571 3890 639 3943 1-4
709 3891 741 3943 17
759 3890 796 3945 ib.
815 3891 839 3959 5,
858 3889 945 3945 6-12

329 4062 342 4115 1
363 4061 506 4117 dictionem
593 4061 626 4114 15
644 4060 723 4114 ambe
740 4079 775 4116 ru.
793 4067 808 4115 1
890 4060 923 4115 22
941 4062 1045 4132 regulae
1063 4063 1133 4118 cerri.
1154 4062 1249 4125 (toleti,
1268 4061 1363 4116 retices
1383 4064 1410 4115 V

277 4149 338 4216 (sed
356 4148 388 4201 iu
405 4164 457 4217 my.
475 4145 589 4215 reliquos
600 4164 634 4202 m.
647 4149 727 4216 rec.);
745 4148 781 4213 cs.
795 4148 943 4214 συνάγουσι
953 4148 1019 4208 τοὺς
1030 4148 1173 4215 σατράπας
1184 4148 1273 4202 LXX
1286 4153 1313 4201 et
1324 4147 1407 4215 infra

273 4250 302 4303 p.
320 4238 369 4333 87,¹
384 4238 400 4286 1
418 4232 522 4301 regulos
590 4231 624 4286 28
641 4231 775 4301 feciemue]
795 4232 828 4287 (le
840 4234 908 4287 add.
926 4250 960 4289 m.
972 4249 1025 4290 rec.
1095 4232 1129 4286 25
1142 4234 1191 4288 att.
1205 4236 1247 4287 eet
1259 4250 1339 4288 erae

276 4336 309 4389 27
327 4336 387 4390 illes
456 4336 490 4389 28
507 4336 609 4390 cethaei
677 4335 836 4406 pelliceeeu
905 4352 965 4391 erce
