3050 5000
408 317 449 371 Dc
468 334 521 371 non
539 319 718 372 conueniendo
738 333 797 372 cum
813 319 961 374 haereticis.
1209 324 1251 388 19

116 504 309 588 praecipitet
333 504 374 568 ad
396 506 597 586 gehennam?
620 506 878 572 circumscribere
901 509 1011 573 noste
1033 510 1173 591 potuisse
1197 531 1251 576 er-

115 609 257 675 bitratus
282 627 314 672 es
338 609 524 687 subtilitate,
549 628 612 691 que
634 627 762 692 serpens
786 611 1068 694 circumscripserit
1090 614 1195 679 Adam
1218 616 1251 681 et

118 713 240 788 Euam,
277 711 398 776 eximiis
429 713 533 777 uerbis
562 713 844 797 pulcherrimisque
875 716 1019 780 sensibus
1049 719 1251 784 conscribens

119 816 273 894 edictum,
296 815 327 880 in
352 834 412 897 quo
438 816 541 880 omnia
564 835 685 881 uenena
702 818 778 882 tuae
793 819 935 883 haeresis
951 819 1158 886 continentur.
1193 821 1252 886 sed
1297 899 1300 904 ,

80 907 104 975 ’5
117 918 204 983 unde
226 917 313 982 istud
335 920 483 1001 potueras
507 917 653 984 efficere?
676 939 748 986 oum
771 941 827 986 nos
843 922 953 987 contra
967 923 1024 986 tue
1040 923 1134 1005 atquc
1152 924 1251 1006 patris

116 1022 168 1086 tui
191 1040 314 1086 uenena
338 1021 509 1085 ermenerii
530 1022 645 1087 beatus
667 1023 799 1088 Paullus
824 1024 946 1089 dicens:
970 1025 1026 1090 boo
1041 1027 1147 1108 tteqee
1169 1028 1249 1112 dico,

121 1130 156 1189 ot
186 1146 276 1189 memo
305 1120 361 1189 roos
389 1125 529 1207 decipiet
558 1126 595 1190 ire
624 1121 818 1192 sublimitate
847 1129 1024 1212 corborum,
1060 1128 1250 1195 etiterum:

118 1227 224 1292 uidete
252 1247 291 1292 ree
320 1228 392 1310 pots
421 1247 476 1292 eos
498 1229 637 1311 decipiet
654 1250 717 1310 per
735 1229 975 1312 philosophiam
997 1238 1025 1297 et
1047 1234 1179 1299 tremam
1202 1254 1250 1299 se-

119 1331 302 1396 ductionem
316 1332 486 1396 eccomdma
503 1331 709 1399 traditionem
724 1333 899 1418 homimem,
914 1335 1085 1401 secumdam
1100 1336 1251 1402 clemente

76 1461 105 1499 ιο
120 1433 236 1498 maedi
266 1438 295 1499 et
323 1455 389 1500 more
417 1435 587 1501 secumdum
623 1435 795 1517 Christum,
825 1439 904 1520 quic
931 1440 969 1502 e're
998 1441 1069 1522 ipso
1092 1440 1251 1504 imbcbttct

120 1538 225 1602 mamis
235 1537 406 1618 plectendo
422 1539 609 1604 diuinitatis
624 1540 843 1622 corporaliter.
874 1541 1031 1624 quomodo
1046 1542 1251 1625 potueramus

119 1641 185 1706 illis
209 1639 350 1706 Arrianis
372 1642 436 1706 tuis
460 1642 623 1724 sacrilegis
648 1643 801 1721 sensibus,
825 1644 931 1710 uerbis
953 1645 1141 1712 sublimibus
1163 1647 1249 1726 licet,

119 1744 241 1823 seduci,
272 1764 344 1809 cum
366 1745 491 1809 inanem
519 1747 552 1810 te
573 1745 812 1829 philosophiam
841 1748 1082 1830 cognouerimus
1111 1751 1251 1816 hebere?

119 1848 204 1914 unde
229 1851 324 1936 ctiam
350 1850 458 1915 dulces
473 1850 520 1914 tui
537 1851 665 1932 possent
681 1869 750 1915 csse
770 1869 940 1929 sermones,
965 1871 1059 1933 quem
1076 1852 1250 1918 uiderimus

77 1954 280 2020 restituentem
302 1953 505 2018 traditionem
528 1953 620 2031 Arrii,
656 1973 716 2018 non
744 1955 910 2019 beatorum
940 1956 1175 2038 apostolorum?
1210 1956 1250 2021 ed

120 2077 199 2140 quos
223 2057 336 2122 dixerit
356 2058 417 2123 istc
442 2077 535 2140 quem
551 2077 659 2140 negas,
684 2058 767 2140 quod
783 2077 877 2122 uerus
894 2059 935 2123 sit
952 2059 1002 2123 dci
1021 2058 1120 2124 filins:
1144 2065 1252 2125 curetes

119 2162 278 2242 baptizate
301 2162 456 2226 credentes
479 2163 515 2226 im
538 2163 665 2226 mommo
681 2163 792 2243 petris
814 2167 844 2226 et
856 2163 921 2243 titte'
936 2166 966 2226 et
978 2163 1114 2242 spiritus
1136 2163 1248 2229 sumti.

38 2300 40 2304 ·
120 2265 277 2347 quomodo
298 2263 357 2328 tibi
382 2263 534 2346 discipulo
554 2263 637 2328 Arrii
662 2263 939 2346 adquiescorcmus
958 2263 1129 2338 Christiani
1154 2266 1248 2330 desc·

119 2368 226 2432 rentes
256 2368 464 2450 apostolicam
491 2367 708 2445 traditionem,
744 2387 817 2432 cum
845 2367 877 2431 tc
905 2367 1104 2433 inueniamus
1142 2368 1248 2434 dicore

76 2498 106 2537 eo
120 2471 243 2556 patrem
266 2489 327 2537 non
352 2490 421 2537 csso
444 2489 556 2536 uerum
577 2471 709 2554 petrem,
741 2469 799 2536 scd
828 2470 979 2554 appellari
1007 2472 1140 2555 petrem,
1161 2491 1250 2538 cum

122 2575 210 2641 dicas
238 2593 299 2640 non
328 2576 420 2640 illum
448 2596 559 2641 nerum
581 2576 697 2641 hebere
728 2574 839 2653 filium,
875 2576 932 2640 sed
960 2576 1080 2640 fectum
1111 2596 1181 2642 esse
1212 2596 1250 2641 ex

120 2678 226 2757 nihilo,
257 2680 401 2745 sanctum
422 2679 618 2762 paracletum
641 2678 792 2761 spiritum·
808 2696 881 2743 cum
904 2679 991 2745 dices
1013 2678 1147 2743 totidem
1171 2698 1249 2745 con-

119 2781 206 2847 stare
242 2801 278 2845 er
305 2783 419 2860 nihilo,
456 2783 583 2847 econtra
616 2783 791 2847 uideamus⁴
818 2782 976 2864 apostolos
1009 2782 1182 2849 credidisse
1216 2783 1249 2847 in

120 2905 217 2949 unum
250 2885 344 2951 deum
372 2887 495 2968 patrem
524 2886 770 2968 omnipotentem
792 2905 904 2949 uerum
925 2885 1058 2968 patrem,
1082 2888 1250 2969 propterea

76 3010 108 3051 es
122 3007 232 3053 uerum
254 2988 387 3070 patrem,
419 2989 503 3071 quod
525 3008 610 3066 uere,
634 3006 695 3053 non
715 2988 861 3075 putatiuc
885 2989 1000 3053 hebeat
1021 2988 1132 3067 filium,
1164 2990 1250 3053 etin

120 3093 248 3158 unicum
277 3094 378 3158 filium
409 3094 475 3158 cius
504 3094 611 3157 lesum
641 3092 811 3170 Christum,
841 3093 899 3155 hoc
932 3092 981 3156 est
1007 3092 1039 3156 in
1062 3110 1174 3156 uerum
1198 3091 1250 3156 dei
1280 3086 1283 3096 ,
1324 3119 1340 3170 r,

120 3197 221 3261 filium
245 3198 277 3263 et
298 3198 330 3261 in
353 3198 497 3262 sanctum
519 3196 707 3280 paraclitum
731 3196 884 3278 spiritum,
908 3193 1070 3259 in'ucrum
1087 3196 1138 3259 dei
1154 3195 1249 3276 spiri-

119 3302 210 3366 tum?
245 3302 400 3384 quomodo
431 3301 501 3383 quis
530 3300 677 3383 potuerat
705 3300 750 3363 ita
780 3297 975 3363 credentium
1007 3298 1201 3380 subplanteri
1232 3317 1251 3362 e

52 3474 99 3495 Α
123 3404 246 3469 diabolo
268 3423 324 3487 per
345 3404 377 3468 tc
401 3402 484 3468 Arrii
506 3402 722 3485 blasphemiae
745 3400 955 3479 fundatorem,
979 3420 1052 3465 cum
1066 3400 1148 3465 fides
1171 3418 1249 3483 apo-

77 3526 109 3565 eo
123 3508 235 3571 stolica
259 3508 290 3571 et
311 3506 486 3571 trinitatem
510 3505 696 3571 confiteatur
718 3502 892 3587 perfectam
908 3504 940 3568 et
954 3503 1081 3567 unicam
1097 3504 1250 3568 deitatem

122 3610 258 3674 fateatur
279 3610 377 3692 patris
401 3609 433 3674 et
454 3608 512 3673 filii
537 3609 569 3673 ct
592 3607 720 3691 spiritus
743 3606 854 3685 sancti,
880 3606 911 3671 ct
933 3605 1016 3670 Arrii
1039 3608 1098 3672 hoc
1123 3607 1172 3671 est
1190 3607 1252 3670 tua
1332 3621 1344 3640 ²·

122 3714 318 3796 blasphemia
346 3733 407 3779 non
436 3713 544 3778 tencet
572 3712 633 3777 nisi
661 3712 695 3776 id
718 3712 802 3794 quod
823 3710 979 3794 placuerit
1001 3728 1074 3775 caro
1097 3710 1152 3773 tuo
1177 3708 1252 3773 dia-

223 3953 239 4005 6
258 3951 313 4009 col.
332 3952 357 4017 2,
375 3952 393 4004 4
461 3951 477 4005 8
496 3951 532 4006 ib.
551 3952 575 4019 2,
594 3950 617 4005 8.
636 3951 652 4004 9
723 3950 755 4003 16
773 3949 871 4003 Mauo.
889 3949 932 4013 28,
952 3949 984 4002 19

173 4158 190 4211 8
212 4163 238 4212 et
262 4158 295 4212 13
316 4158 515 4229 phylosophiam
624 4156 657 4209 23
681 4159 709 4211 et
732 4157 824 4209 contre
846 4155 984 4209 Latmius
1086 4152 1121 4205 25
1140 4154 1209 4223 quod
1226 4171 1252 4218 o,

120 4244 221 4314 qro
285 4242 319 4298 28
340 4246 462 4314 potuerat
481 4244 571 4313 quise

1115 4340 1150 4395 2*
