3050 5000
292 369 334 434 28
778 367 928 422 eusitius

290 557 353 622 tuis
376 559 514 623 habere?
536 558 632 624 notite
654 559 766 642 ingan
784 559 896 624 dacem
917 579 989 624 esen
1010 559 1215 641 infidetibus5
1235 581 1321 642 qaae
1334 560 1430 623 enim

288 663 495 744 participatio
517 664 660 728 iustitiae
681 681 753 726 enm
775 663 969 745 iniquitate?
996 667 1054 726 ant
1074 683 1157 746 qnae
1176 665 1312 729 serietas
1334 663 1429 727 tacis

290 767 334 831 ad
355 767 523 832 tenebras?
559 787 641 848 qaae
663 771 769 831 antero
788 768 954 832 amantio
976 766 1100 833 Christi
1120 767 1165 832 aa
1185 765 1324 832 Batiai?
1360 772 1427 830 ant

288 889 369 950 qaae
389 889 468 951 pars
488 870 577 952 fideti
597 890 669 935 eam
697 869 849 952 infidele?
891 871 949 951 gni
974 874 1082 934 antem
1108 887 1280 935 mnsenssa
1300 869 1426 950 tempto

288 973 340 1037 dei
362 993 433 1038 eam
454 974 579 1038 idetis?
614 992 671 1038 nes
693 974 779 1038 enim
801 975 875 1038 estis
897 973 1049 1054 temptam
1068 973 1122 1037 dei
1142 974 1235 1052 aiai,·
1257 974 1423 1053 seriptnm
1448 997 1461 1036 s

289 1080 336 1140 est
355 1076 460 1140 enim:
481 1078 634 1158 moniam
656 1076 841 1141 inhabitabo
860 1078 899 1140 in
912 1075 981 1140 attis
1002 1081 1032 1140 et
1045 1077 1130 1139 inter
1143 1075 1218 1140 ittos
1232 1075 1420 1156 antelato,

287 1184 316 1242 et
337 1197 388 1242 ero
409 1179 538 1244 illoram
558 1181 645 1258 dens,
668 1185 697 1244 et
718 1181 783 1262 ipsi
804 1185 897 1244 erant
911 1179 993 1244 nebi
1008 1179 1165 1262 papatem
1181 1183 1315 1262 propter
1330 1177 1422 1260 qnod

287 1283 368 1346 esse
389 1283 426 1346 de
447 1285 549 1349 medio
564 1303 670 1349 eoram
684 1288 714 1349 et
727 1284 939 1365 separamini,
962 1283 1043 1347 dicit
1054 1283 1214 1362 ambias
1237 1287 1267 1346 et
1279 1283 1421 1345 inmen-

286 1386 364 1450 dam
385 1407 426 1452 ne
448 1389 622 1472 tetiperitis,
645 1392 674 1452 et
694 1407 748 1472 epe
767 1388 922 1469 recipiam
935 1407 994 1452 nos
1014 1391 1045 1452 et
1057 1407 1109 1451 ero
1122 1385 1212 1450 nobis
1224 1386 1263 1448 in
1273 1389 1418 1466 parens,

287 1491 316 1551 et
337 1509 395 1554 aas
416 1490 498 1555 mita
519 1491 610 1555 eritis
624 1492 663 1554 in
676 1491 761 1574 filios
774 1496 804 1555 et
816 1491 917 1574 filias,
940 1491 1019 1555 dicit
1039 1490 1187 1554 minsas
1202 1489 1417 1568 omnipotens.
1432 1507 1456 1545 ιο

286 1592 453 1673 quomodo,
477 1611 550 1657 eum
571 1593 628 1657 tna
654 1595 825 1677 praesepta
847 1594 917 1659 orta
937 1593 1106 1658 uideantur
1128 1611 1198 1658 esee
1220 1591 1333 1655 souma
1354 1590 1417 1653 has

287 1693 405 1759 domini
426 1697 658 1778 promissiones,
689 1696 846 1762 demorari
873 1697 1038 1763 nobiseum
1066 1696 1179 1761 fideles
1205 1695 1417 1777 potueramus

284 1815 357 1862 eum
379 1797 581 1864 infidelibus?
625 1801 786 1865 currentes
814 1801 847 1864 in
874 1801 928 1865 uia
954 1801 1038 1866 lueis
1058 1800 1223 1865 nobiseum
1243 1812 1416 1880 possemus

283 1897 369 1964 stare
391 1901 568 1966 hominibus
590 1901 651 1966 iter
673 1902 913 1969 conficientibus
928 1903 960 1967 in
975 1905 1030 1968 uia
1042 1903 1182 1968 tenebris
1197 1917 1341 1966 errorum
1355 1916 1413 1963 re-

282 2001 370 2084 pleta
392 2004 552 2068 omnium?
596 2005 666 2088 quis
689 2006 773 2070 enim
793 2007 861 2070 tam
883 2005 1000 2070 stultus
1022 2005 1081 2083 est,
1109 2005 1147 2069 ut
1173 2023 1248 2069 eum
1270 1998 1415 2068 audierit
1428 2021 1452 2060 ιε

283 2103 377 2168 deum
401 2105 521 2170 disere:
544 2109 697 2188 qnoniam
719 2107 902 2172 inhabitabo
924 2110 961 2172 in
980 2108 1057 2188 iltis,
1079 2112 1108 2172 et
1122 2109 1209 2172 inter
1228 2125 1279 2170 eos
1293 2105 1411 2169 ambu-

282 2208 352 2273 labo
375 2213 404 2272 et
425 2229 477 2274 ero
492 2210 621 2274 itteram
642 2211 726 2288 deas,
749 2215 780 2274 et
800 2211 867 2292 ipsi
888 2216 982 2275 erant
1003 2210 1084 2274 mibi
1099 2209 1256 2292 populna·
1273 2213 1413 2290 propter

279 2313 365 2394 qaod
386 2314 526 2378 enitente
546 2314 647 2378 medio
669 2333 776 2378 eoram
798 2317 828 2378 et
848 2314 1061 2395 separamini,
1089 2314 1169 2379 dicit
1188 2313 1349 2392 dominas,
1381 2314 1413 2374 et

280 2416 473 2481 inmundam
494 2437 534 2480 ne
555 2418 731 2501 tetigeritis,
755 2421 787 2480 et
806 2438 859 2502 epo
881 2417 1037 2501 neemiam
1057 2435 1117 2482 noe
1136 2421 1166 2480 et
1187 2435 1238 2480 ero
1261 2415 1353 2478 nobis
1372 2415 1412 2478 in

273 2524 412 2599 patrato,
449 2525 478 2583 et
509 2540 566 2584 nos
594 2520 675 2584 miti
697 2522 789 2585 eritis
809 2522 847 2584 in
867 2522 952 2602 titios
973 2526 1002 2585 et
1021 2521 1120 2606 filias,
1154 2520 1234 2584 dicit
1254 2518 1448 2588 dominusne

278 2622 485 2703 omnipotens,
510 2624 590 2704 quis,
610 2622 754 2703 diximus,
777 2626 845 2689 tam
860 2624 976 2688 stultus
992 2624 1051 2701 est,
1066 2623 1103 2687 ut
1116 2623 1195 2688 nolit
1208 2623 1241 2687 in
1256 2640 1292 2687 ee
1307 2619 1408 2684 deum

278 2722 464 2801 inhabitare,
489 2725 542 2807 qni
571 2726 650 2790 nolit
678 2745 711 2790 se
737 2728 900 2810 receptum
931 2748 950 2792 a
979 2727 1039 2793 dee
1070 2726 1211 2809 reputari
1237 2725 1320 2788 inter
1348 2740 1407 2787 ees

279 2846 357 2909 quos
379 2827 461 2892 filies
486 2829 642 2911 appellere
666 2829 813 2912 dignatus
838 2832 895 2907 est,
918 2831 955 2895 ut
976 2849 1037 2895 non
1051 2828 1155 2913 iugu'at
1167 2830 1201 2892 te
1214 2827 1406 2891 inmundum

276 2949 333 3012 per
354 2931 511 2995 haeresim
533 2932 621 2996 tuam
646 2932 812 2997 effectum?
855 2952 916 2997 nen
945 2952 1080 3015 aequum
1102 2932 1192 2997 nobis
1213 2932 1319 2995 uisum
1342 2931 1403 3009 est,

276 3033 312 3096 ut
345 3034 508 3099 nobiseum
541 3054 597 3099 nes
624 3034 655 3099 in
685 3054 746 3101 uno
775 3035 954 3113 fuissemus,
988 3034 1242 3119 quandoquidem
1270 3052 1330 3099 nee
1358 3035 1442 3102 sitne

277 3153 412 3217 aequum
435 3137 576 3203 homines
598 3140 713 3203 merari
737 3158 810 3202 eum
833 3138 1039 3222 serpentibus.
1085 3139 1140 3202 aut
1161 3139 1293 3221 negabis
1313 3136 1402 3201 uniei

275 3239 332 3303 filii
356 3240 407 3305 dei
430 3242 596 3325 negatores
620 3240 722 3307 dietas
743 3242 776 3307 in
792 3242 891 3307 saeris
907 3241 1070 3323 seripturis
1085 3242 1269 3323 serpentes?
1298 3240 1325 3305 si
1340 3258 1402 3305 ne-

274 3360 350 3423 gare
372 3361 433 3407 non
455 3344 555 3426 potes,
580 3344 711 3409 aduerte
733 3346 820 3408 reete
836 3363 893 3409 nes
909 3344 1013 3427 egisse
1028 3345 1138 3427 ingere
1153 3363 1210 3408 uos
1225 3344 1399 3426 serpentes

274 3445 383 3527 legisti
413 3448 588 3529 apostolum
619 3448 805 3514 Thimethee
840 3448 1016 3513 dicentem:
1047 3448 1210 3531 profanas
1242 3448 1400 3512 aestates

272 3568 386 3613 nocam
401 3550 526 3631 deaita;
540 3552 676 3617 mattam
691 3554 778 3617 enim
789 3552 958 3634 proficient
972 3552 1016 3615 ad
1030 3553 1231 3633 impietaten,
1254 3555 1283 3617 et
1296 3570 1398 3615 sermo
1411 3577 1434 3616 n

272 3670 378 3715 eoram
399 3657 437 3715 at
457 3674 571 3720 eoneer
598 3656 706 3736 serpit.
752 3655 939 3720 existimasti
966 3657 1084 3734 teenm,
1118 3654 1208 3719 cuins
1236 3653 1399 3719 serment

272 3771 386 3818 eaneer
409 3755 466 3832 est,
492 3776 561 3821 esee
583 3756 634 3821 dei
649 3758 792 3823 homines
806 3759 968 3840 petuisse?
989 3760 1067 3823 item
1081 3758 1194 3823 beatus
1212 3776 1286 3824 eum
1301 3775 1395 3841 prae-

271 3858 372 3940 eipiat
393 3858 548 3925 Iohannes
564 3880 622 3927 uos
638 3860 803 3945 fugiendos
819 3860 944 3927 disens:
964 3863 1100 3947 panisus
1115 3880 1187 3925 sam
1204 3860 1300 3927 natae
1314 3861 1397 3943 qnod

371 4008 506 4067 111001.
525 4015 549 4077 6,
570 4014 671 4067 14-18
777 4014 809 4068 16
827 4014 865 4067 ib.
882 4016 907 4079 6,
928 4016 1028 4070 16-18
1129 4012 1337 4077 asumma,
1356 4012 1396 4067 le.

268 4096 301 4149 17
370 4095 500 4152 331110.
517 4098 601 4152 4-11

318 4217 440 4271 3beliab
521 4220 605 4289 tque
679 4220 788 4291 9patre
857 4222 891 4275 20
907 4224 983 4291 patre
1052 4222 1086 4277 23
1103 4224 1141 4291 ut]
1160 4222 1174 4276 i
1192 4224 1240 4275 ant
1257 4222 1328 4288 fort.

265 4304 444 4359 senoniensis
