3050 5000
312 360 374 425 142
802 358 953 415 Lucileri

310 554 409 615 somn.
434 549 464 614 si
484 550 606 615 uiduis
625 549 759 627 mdccc,
782 550 870 631 operi
891 554 921 614 et
941 549 1122 617 domesm
1142 550 1283 616 seminis
1313 551 1372 615 tui
1394 549 1457 614 noli

311 653 476 734 despicere.
524 670 619 735 quam
640 653 740 730 tenes,
769 670 824 717 rex
851 652 1104 736 prudentissime,
1133 674 1236 738 spem,
1271 672 1356 719 curn
1379 653 1455 718 haec

312 754 419 821 omnia
438 756 574 821 uerteris
595 756 628 820 in
649 755 863 821 contrarium?
896 757 1052 839 quomodo
1076 758 1158 822 enim
1182 775 1319 823 onmem
1336 754 1455 821 nodum

313 860 438 925 soluisti
451 860 637 943 iniqnitatis,
660 877 733 923 cum
755 858 824 923 siue
846 859 1069 926 incredulitate
1083 861 1141 925 tua
1155 860 1292 944 qualem
1307 859 1346 925 te
1363 858 1455 923 insti-
1501 946 1502 961 ,

310 962 412 1027 tueris
436 961 605 1027 aduersum
628 980 685 1028 nos
712 962 756 1029 sis
783 962 859 1027 talis
881 981 1069 1045 permanens
1094 966 1126 1030 et
1146 966 1253 1048 magis
1279 964 1454 1046 magisque
1474 974 1482 1012 ⁵
1501 964 1502 1011 1

312 1067 357 1131 sis
380 1066 579 1131 crescensin
601 1066 828 1133 maleuolentia
849 1066 907 1131 tua
929 1068 971 1133 ad
993 1086 1049 1133 nos
1065 1067 1312 1152 disperdendos,
1340 1065 1455 1131 sinain

314 1168 511 1252 blasphemia
530 1170 588 1235 tua
610 1169 720 1235 auctor
741 1170 901 1253 sacrilegii
924 1171 1063 1237 creueris
1086 1171 1188 1254 magis
1217 1170 1325 1235 etiam
1352 1170 1455 1235 edicto

312 1272 541 1354 blasphemiam
569 1273 659 1337 tuam
687 1272 877 1339 catholicam
908 1292 978 1339 esse
1008 1274 1182 1339 adserendo
1211 1272 1332 1351 fidem,
1372 1292 1456 1337 more

311 1375 437 1441 scilicet
457 1376 669 1454 meretricum,
693 1394 775 1457 quae
797 1376 897 1459 primo
920 1377 1005 1443 clam
1029 1377 1215 1456 scortentur,
1239 1379 1368 1460 postea
1384 1396 1456 1443 uero

310 1479 359 1543 ita
372 1480 436 1545 sint
450 1478 692 1557 inuerecundae,
710 1478 757 1543 ita
773 1479 954 1554 amittentes
969 1480 1142 1563 pudicitiae
1158 1480 1269 1559 decus,
1297 1480 1340 1544 ut
1358 1480 1456 1545 uelint
1464 1494 1479 1531 1·

312 1582 446 1649 scortari
472 1582 505 1647 in
532 1582 727 1664 propatulis?
773 1583 929 1665 quomodo
964 1583 1140 1651 dissoluisti
1169 1602 1304 1649 omnem
1335 1584 1454 1649 nodum

311 1686 498 1770 iniquitatis,
528 1686 738 1751 cumcontra
766 1686 895 1751 beatnnm
918 1687 1127 1753 Athanasium
1156 1688 1352 1769 susceptum
1387 1688 1453 1751 aute

313 1808 411 1855 annos
433 1789 570 1855 tuorem
586 1789 689 1854 adhuc
706 1790 754 1853 ita
767 1790 917 1867 retineas,
941 1792 978 1855 ut
991 1792 1072 1857 uelis
1089 1791 1156 1856 eius
1171 1791 1262 1856 fundi
1279 1795 1454 1857 cruorem?

314 1893 470 1977 quomodo
495 1893 642 1959 dimisisti
665 1892 843 1959 confractos
858 1893 890 1957 in
905 1894 1058 1976 requiem,
1074 1912 1147 1959 cnm
1162 1892 1349 1976 torquendo
1368 1894 1451 1958 uarie

312 2016 373 2063 non
397 1995 522 2062 desinas
544 2015 652 2061 seruos
676 1996 749 2062 dei?
790 1997 822 2062 st
852 1996 1008 2079 quomodo
1039 1996 1187 2063 dimisisti
1209 1997 1403 2063 confractos
1423 1998 1475 2061 in1⁵

311 2102 463 2184 requiem,
487 2100 611 2183 quaudo
633 2099 745 2165 uideas
759 2118 904 2167 carceres
918 2098 1050 2165 metalla
1065 2100 1159 2165 exilia
1173 2101 1227 2165 uix
1241 2101 1314 2167 iam
1338 2119 1449 2183 capere

311 2223 404 2287 posse
421 2204 668 2271 Christianorum
689 2220 855 2267 nnmerum
877 2221 933 2284 por
954 2202 987 2267 te
1011 2202 1252 2268 damnatorum?
1275 2202 1446 2285 quomodo,

314 2307 438 2373 etiamsi
459 2306 591 2389 fregeris
616 2304 826 2371 esurientibus
853 2324 967 2388 panem
988 2306 1089 2385 tuum,
1120 2305 1289 2387 acceptum
1320 2305 1446 2371 habebit

314 2410 468 2487 dominus,
502 2428 576 2474 cnm
604 2426 713 2475 seruos
745 2406 829 2473 lame
862 2427 957 2473 neces
986 2407 1108 2475 dicatos
1137 2409 1205 2473 eius
1240 2408 1445 2473 aeternitati?

313 2513 480 2596 quomodo,
493 2513 521 2578 si
534 2513 666 2577 inducas
678 2527 794 2594 egenos
805 2511 873 2577 sine
884 2511 970 2578 teoto
985 2513 1017 2577 in
1030 2513 1158 2578 domurn
1169 2513 1270 2590 tuam,
1286 2513 1469 2594 respicere³⁰

315 2615 493 2698 dignabitur
521 2633 614 2697 snper
643 2632 721 2697 opus
749 2614 840 2680 tuum
870 2615 958 2693 deus,
993 2635 1065 2680 eum
1093 2615 1204 2680 uideat
1233 2633 1351 2680 seruos
1376 2634 1443 2680 snae

313 2718 469 2783 claritatis
490 2719 624 2782 reiectos
647 2718 686 2782 de
710 2717 855 2783 domibus
870 2717 1011 2800 priuatis,
1026 2719 1193 2802 propterea
1209 2718 1321 2783 exules
1337 2718 1443 2793 laotos,

314 2819 399 2903 quod
420 2819 577 2885 noluerint
598 2820 758 2903 suscipere
781 2819 993 2886 idololatriam
1015 2822 1105 2886 tuam
1126 2839 1183 2903 per
1199 2821 1332 2886 Arrium
1355 2821 1443 2885 insti·

312 2922 437 2986 tutam?
473 2922 639 3004 quomodo,
663 2922 690 2986 si
712 2921 814 2988 nudos
836 2922 962 3001 texeris,
986 2923 1103 3004 poteris
1127 2924 1186 2988 deo
1208 2924 1353 3005 placere,
1377 2943 1443 2988 cnm

313 3027 414 3093 seruis
443 3025 543 3108 ipsius
569 3024 758 3106 patrimonia
784 3024 895 3090 tuleris
925 3024 958 3090 et
984 3025 1115 3090 dixeris:
1149 3028 1180 3092 si
1207 3027 1469 3092 componentes

311 3131 407 3213 pidem
427 3129 633 3212 apostoticam
656 3132 748 3210 atquc
762 3128 945 3194 Arrionom
967 3130 1175 3212 susceperitis,
1198 3134 1317 3196 concta
1341 3135 1443 3196 uestro

313 3233 497 3314 roeipietc's?

356 3335 535 3400 XXXXIII.
560 3334 642 3400 Sane
664 3353 762 3399 unum
786 3335 825 3400 de
847 3335 896 3400 his
919 3335 1062 3400 omnibus
1086 3335 1203 3400 domini
1227 3335 1331 3400 sacris
1354 3355 1442 3400 man-

313 3437 399 3502 datis
419 3437 571 3503 inueniris
592 3437 734 3520 implere,
757 3437 843 3520 quod
866 3439 949 3503 enim
964 3437 1155 3504 domesticos
1172 3438 1302 3504 seminis
1319 3440 1370 3504 tui
1385 3457 1441 3503 non

315 3538 480 3621 despicias.
524 3559 585 3604 non
615 3539 752 3622 despicis
780 3559 816 3604 re
844 3559 921 3605 uera
948 3541 1165 3623 conuiperinos
1186 3541 1259 3606 tuos
1282 3540 1468 3618 muccoso

313 3642 404 3708 natos
431 3641 584 3707 uidelicet
613 3642 652 3708 de
680 3643 868 3725 inpudorato
896 3643 986 3726 patre
1017 3643 1124 3709 uestro
1153 3642 1299 3718 diabolo;
1339 3645 1441 3726 diligis

312 3747 426 3811 fratrm
442 3747 523 3824 tuos,
546 3746 621 3829 quia
635 3749 693 3811 hos
706 3746 818 3812 uideas
832 3746 892 3812 tibi
906 3747 1125 3829 proximiorem
1149 3748 1207 3812 hos
1224 3765 1312 3812 amas
1331 3748 1438 3830 singu-

365 3899 588 3970 6dispernendos
662 3902 695 3955 14
712 3903 803 3986 nudae
890 3903 922 3956 15
940 3903 1070 3958 demisisti
1092 3904 1251 3959 Vtestatue
1271 3902 1377 3958 Ooletc's

313 3988 346 4042 16
364 3987 474 4042 carceris
496 3988 593 4056 V,cm.
612 3987 751 4042 Latinius
855 3989 888 4042 19
905 4005 995 4044 seruus
1012 3994 1080 4044 cal
1185 3987 1289 4042 dicator
1307 3995 1377 4043 m.1

311 4089 346 4180 23
363 4091 515 4146 idolatriam
582 4090 616 4145 28
634 4092 938 4189 sane]anna¹1]otiaius
995 4057 1063 4162 hisi*
1079 4093 1190 4158 ωηο.)
1261 4090 1297 4145 29
1314 4091 1439 4145 inueneris

316 4197 348 4260 V,
372 4214 420 4252 em.
438 4195 577 4250 narsaeus
671 4169 827 4264 serapias
847 4196 870 4265 (οι
889 4213 924 4252 m.
936 4187 970 4264 ἰ)
1064 4195 1096 4250 ar
1116 4195 1265 4264 nuperae
1284 4197 1357 4250 cccc.
1375 4197 1440 4250 Pur-

312 4283 376 4338 oa'us
445 4281 479 4336 32
495 4285 526 4336 ut
543 4281 638 4336 frames
656 4282 724 4349 fort.
