3050 5000
264 425 327 490 102
753 418 904 472 Luciferi

264 608 403 673 secundo
431 609 630 673 inueniamns
659 607 852 672 Hieroboam
888 606 920 670 et
954 605 1022 672 eius
1054 605 1136 671 filios
1170 607 1251 671 haec
1280 605 1404 689 egisse.

263 729 357 776 sacrs
378 712 544 793 scriptura,
568 712 664 797 Inda,
687 709 800 794 inquit,
824 716 853 776 et
875 710 1053 776 Beniamin
1074 716 1103 774 et
1117 710 1232 775 saitae
1247 716 1277 774 et
1292 729 1404 774 saecr-

263 815 359 896 dotes,
375 816 431 896 qni
446 819 540 880 mant
551 816 589 879 in
604 816 691 879 mnni
703 813 819 894 Israel,
834 818 1052 880 cannenernnt
1064 833 1103 878 ea
1112 814 1255 878 omnibns
1266 811 1403 895 finibus,

265 919 415 998 qnoniam
436 918 672 1000 dereliquerant
693 917 807 982 tendas
835 923 862 982 et
883 917 1092 982 tabernacnia
1113 935 1174 981 sna
1196 921 1224 980 et
1241 915 1403 998 possessi·

264 1039 339 1085 ones
361 1039 438 1085 seras
459 1024 490 1084 et
510 1019 657 1118 obierpnt
678 1019 723 1085 ad
740 1020 891 1102 Roboam,
914 1021 1067 1102 qnoniam
1082 1019 1206 1102 repetiit
1219 1039 1269 1083 eos
1284 1018 1403 1083 Hiero
1431 1031 1446 1070 ⁵

264 1124 356 1189 boam
379 1128 407 1188 et
428 1123 493 1205 iiiii
514 1124 591 1200 eins,
613 1127 650 1187 nt
671 1143 738 1188 non
760 1125 916 1188 seruirent
938 1123 1073 1190 domino.
1116 1128 1144 1188 et
1166 1123 1331 1188 constitnit
1355 1122 1404 1186 rbi

265 1228 440 1293 sacerdotes
465 1227 655 1292 eaoeisornm
683 1231 712 1292 et
739 1226 922 1292 simulacris
952 1232 981 1292 et
1008 1227 1186 1292 daemoniis
1213 1234 1242 1290 ct
1269 1225 1402 1304 edatis,

265 1352 346 1412 qnae
376 1330 450 1411 feeit
477 1331 680 1396 Hieroboam.
725 1336 754 1395 et
783 1333 918 1412 proiecit
948 1351 998 1396 eos
1024 1352 1045 1397 a
1070 1331 1151 1414 filiis
1177 1330 1284 1395 Israel
1319 1334 1349 1394 et
1381 1349 1404 1394 a

266 1436 408 1500 tmbnbns
430 1434 544 1514 Israel,
579 1437 635 1517 qni
664 1435 817 1500 dederam
846 1453 898 1499 cor
927 1454 1021 1500 snnm
1050 1453 1200 1516 qnaererc
1228 1433 1404 1498 dominnm

265 1539 358 1603 dmm
386 1539 501 1603 Israel.
546 1556 607 1602 non
642 1537 701 1601 crit
726 1537 836 1620 itaque
867 1537 1100 1616 admirandum,
1135 1539 1161 1602 si
1190 1539 1226 1602 tn
1255 1555 1314 1602 nos
1344 1537 1404 1602 nel
1417 1551 1441 1588 ¹⁰

266 1643 356 1707 nobis
380 1642 530 1706 diuinitus
546 1641 730 1706 commissos
745 1641 954 1722 persequeris,
974 1641 1001 1705 si
1018 1641 1057 1706 de
1071 1658 1106 1704 rc
1122 1641 1211 1706 nobis
1224 1642 1404 1706 commisse

264 1764 322 1810 nos
344 1745 446 1828 pellis,
482 1745 510 1809 si
537 1745 673 1826 deniqne
699 1744 779 1808 locis
801 1743 915 1809 nostris
939 1743 1063 1808 ordines
1087 1743 1138 1807 dei
1161 1744 1307 1810 inimicos
1332 1764 1402 1822 ecs,

268 1849 322 1930 qni
343 1850 450 1912 tecum
473 1847 708 1929 dereliquerunt
723 1846 828 1925 deum,
853 1847 977 1928 quando
994 1847 1103 1911 uideas
1119 1847 1197 1912 haec
1213 1848 1246 1912 tc
1261 1848 1402 1930 implere

268 1969 349 2034 qnae
371 1951 483 2016 feeerit
504 1951 689 2016 Hieroboas.
735 1950 811 2032 qnid
840 1950 889 2014 est
917 1951 999 2014 enim
1028 1950 1149 2014 dicere:
1181 1953 1276 2034 fidem
1307 1954 1403 2034 apud

268 2056 401 2120 Niciam
423 2055 574 2119 damnate
589 2054 799 2135 conscriptam
818 2057 845 2116 ct
860 2053 1010 2136 snsmpite
1024 2075 1135 2134 meam
1159 2055 1219 2120 nisi
1234 2056 1293 2119 hoc
1312 2055 1402 2137 qnod
1415 2063 1439 2102 ¹⁵

268 2157 346 2222 dixit
366 2157 558 2223 Hieroboas:
582 2163 611 2222 et
625 2157 793 2240 relinquite
814 2158 905 2225 denm
920 2163 949 2223 et
962 2159 1077 2223 cernite
1089 2159 1275 2224 simrdacris
1290 2161 1402 2224 meis?

267 2261 336 2343 qnis
362 2261 455 2326 homo
479 2261 572 2325 dicis:
605 2262 756 2326 damnate
785 2263 940 2327 absentem
967 2262 1152 2326 inanditnm
1175 2263 1403 2328 innocentemt

267 2365 353 2429 certe
374 2365 412 2442 is,
443 2365 496 2446 qui
524 2364 588 2428 ism
617 2364 713 2428 fidem
743 2365 949 2446 apostolicam
977 2383 1152 2446 negnuerss
1176 2366 1269 2448 etque
1294 2385 1400 2430 enan-

266 2468 418 2553 gelicam,
453 2485 565 2550 nempe
591 2467 635 2546 is,
670 2469 723 2551 qni
755 2467 958 2533 traditionem
990 2469 1154 2535 beatorum
1183 2469 1400 2549 destruxeras,

267 2572 420 2655 quantum
454 2571 537 2653 apud
568 2574 603 2636 te
632 2591 668 2635 ac
695 2574 854 2651 incessi,
891 2572 1112 2655 apostolorum.
1157 2573 1231 2638 inde
1259 2574 1400 2657 deniqne
1414 2594 1438 2633 a

267 2675 388 2739 iactam
411 2675 468 2752 est,
502 2676 539 2738 ut
561 2676 743 2739 odientem
767 2677 892 2741 uenires
914 2676 1107 2755 necomitam,
1143 2677 1217 2758 qnia
1238 2676 1338 2741 fueris
1360 2679 1400 2741 nt

267 2779 442 2843 Hieroboas
465 2778 531 2842 sine
554 2779 623 2843 deo.
669 2780 809 2843 ceterum
838 2780 864 2844 si
889 2779 982 2844 deum
1004 2780 1180 2857 habuisses
1215 2781 1243 2844 si
1270 2780 1303 2843 tc
1329 2780 1399 2845 eins

267 2881 466 2947 meminisses
480 2880 644 2959 cultorem,
667 2901 838 2965 numquam
857 2882 997 2965 profecto
1014 2883 1151 2949 diceres:
1175 2884 1329 2949 damnate
1345 2887 1399 2949 in-

268 2990 436 3064 nocentem
446 2988 605 3067 percutite
614 2988 801 3052 inanditnm
813 2988 968 3053 absentem
980 2989 1230 3055 consacerdotem
1245 2994 1396 3053 nestrum.

310 3089 397 3153 XXI.
425 3090 467 3153 Et
496 3090 532 3153 nt
561 3090 671 3154 nidess
698 3091 731 3155 ie
761 3110 830 3155 csse
861 3091 928 3156 sine
958 3090 1026 3169 dec,
1056 3091 1139 3157 unde
1171 3093 1203 3156 et
1223 3091 1304 3155 telis
1326 3091 1436 3155 fieris

266 3192 438 3270 mandaris,
464 3193 572 3275 accipe
585 3211 704 3276 regem,
728 3212 801 3257 cnm
817 3214 878 3277 qno
894 3213 950 3276 pro
967 3195 1088 3259 meritis
1103 3194 1198 3259 inerit
1214 3195 1292 3259 dens
1307 3212 1396 3270 snus,

269 3295 377 3376 accipe
401 3296 433 3359 et
449 3294 516 3360 eins
532 3296 783 3361 obsecrationem
799 3298 839 3361 ad
856 3297 973 3363 dommi
989 3300 1170 3363 sacerdotes
1186 3316 1264 3382 quos
1279 3298 1397 3380 populo

269 3396 321 3461 dei
335 3397 506 3479 inpellcbat
520 3398 639 3463 instnm
655 3398 797 3465 iudicare
811 3400 973 3484 indicium,
997 3402 1141 3483 conspice
1158 3402 1253 3466 etiem
1267 3402 1397 3465 tncrnm

271 3501 334 3565 ste
345 3501 455 3565 contre
473 3501 640 3567 ecclesiam
655 3501 870 3567 institutorum
885 3502 1025 3567 indicum
1038 3505 1070 3567 et
1079 3504 1165 3569 illins
1180 3504 1396 3568 ministrorum

269 3604 375 3677 actns3
399 3604 432 3669 et
452 3603 569 3684 poteris
591 3605 794 3687 perpendere,
825 3607 852 3671 si
879 3608 985 3671 tecum
1012 3626 1072 3672 non
1099 3608 1241 3672 inmundi
1264 3609 1395 3690 spiritns
1409 3620 1436 3661 ω

368 3809 385 3861 2
401 3806 428 3860 II
443 3807 505 3861 Per.
523 3809 564 3874 11,
584 3810 685 3864 12-15

319 3996 486 4051 liercboam
590 3998 701 4051 8omne
724 4016 757 4053 m.
778 4004 793 4052 1
897 3999 994 4052 finibus
1018 3998 1085 4053 add.
1104 4000 1135 4051 in
1153 4016 1203 4070 my.
1222 4016 1257 4053 m.
1275 4001 1326 4053 ait.

266 4085 283 4137 5
304 4085 415 4139 roboam
435 4088 472 4149 V,
498 4085 669 4140 leroboemo
772 4086 789 4139 6
811 4085 864 4139 sibi
887 4086 954 4151 sort.
1058 4086 1090 4139 13
1114 4085 1327 4155 derelinquerunt

266 4171 299 4224 14
317 4178 344 4225 et
361 4172 443 4237 infra
458 4171 619 4225 Hieroboam
636 4189 653 4225 o
751 4172 784 4225 15
801 4172 927 4227 Nicaeam
944 4190 960 4226 e
1063 4172 1239 4226 conscribtem
1256 4190 1291 4226 m.
1309 4178 1325 4227 1

267 4258 299 4311 17
319 4258 383 4326 quis]
402 4260 433 4310 tn
451 4258 517 4311 add.
537 4273 558 4312 s.
577 4258 594 4312 1.
612 4276 645 4312 m.
664 4275 716 4313 rec.
787 4258 821 4311 20
839 4260 903 4327 apnt
920 4263 982 4312 m.1
1052 4258 1085 4311 25
1102 4260 1130 4311 te
1144 4274 1200 4311 esse
1213 4260 1270 4312 sinc
1283 4260 1394 4328 scripsi,

263 4344 292 4395 tc
311 4357 368 4395 esse
385 4342 414 4395 in
435 4344 466 4407 V,
485 4345 514 4396 te
531 4359 586 4397 non
604 4360 661 4398 esse
678 4344 707 4397 in
728 4346 755 4400 V
769 4362 803 4399 m.
821 4362 874 4399 rec.
893 4350 952 4399 eto
1021 4344 1232 4399 ieiuniorum
