3050 5000
395 366 437 418 De
455 380 508 418 non
525 363 657 433 parcendo
674 366 703 419 in
721 362 799 417 deum
818 364 1040 435 delinquentibus.
1220 366 1283 433 227
1340 441 1342 458 V

155 572 258 618 ccum
279 553 379 617 locum
400 554 488 637 apoc
509 575 566 634 me,
590 556 685 619 dcccc
705 554 926 640 colcestriae,
949 561 986 620 ct
999 556 1094 622 o'tlum
1108 557 1280 647 sepelirem.

59 670 61 673 ’
156 658 192 721 ct'
211 674 357 721 reuersus
384 654 456 721 laci
483 663 513 723 et
540 658 739 723 manducaui
764 661 945 741 proredium
966 680 1068 725 mecm
1096 680 1167 725 eum
1195 661 1283 726 lecto

155 763 186 823 ct
205 767 427 825 rememoratus
449 780 521 826 scm
541 780 711 827 sermonem
726 762 902 845 prophetoe
923 764 1021 829 Amos
1049 784 1140 845 quom
1163 762 1284 829 locutus

155 869 200 929 est
217 866 254 928 c'c
268 864 390 943 Bethet
413 865 535 931 decos.-
556 871 781 931 conuerteretur
801 869 868 933 dies
889 868 962 949 festi
984 868 1083 933 murt
1103 868 1141 931 ic
1164 868 1284 933 lectum

124 976 185 1035 ee
206 972 315 1034 emmo
336 971 463 1035 emerico
482 976 589 1037 cesto
606 972 644 1035 ic
666 970 932 1052 lamentationem,
956 976 986 1037 et
1000 971 1187 1037 lacrimatus
1201 992 1282 1039 sam.

155 1080 187 1140 et
207 1081 380 1158 postquam
412 1075 461 1140 sol
493 1076 621 1155 occidit,
657 1076 725 1139 cloic'
745 1080 776 1139 et
795 1076 865 1157 fodi
893 1080 925 1140 et
949 1076 1081 1157 sepeliet
1113 1076 1217 1143 illum.
1255 1080 1284 1141 et

155 1198 261 1243 mneos
287 1179 435 1259 procem
466 1179 530 1244 mei
560 1179 747 1245 deridebant
774 1180 1003 1245 medicantes:
1035 1179 1185 1262 quomodo
1217 1199 1283 1244 coc

155 1284 246 1347 tima
266 1283 318 1347 loic
340 1282 455 1349 teneo?
476 1284 545 1347 iam
566 1283 653 1349 enim
673 1284 849 1367 inquisitus
871 1288 917 1348 est
936 1282 1032 1348 huius
1053 1285 1231 1347 retrocessa
1248 1287 1285 1346 ct

155 1388 384 1470 ictentceretcr
404 1392 436 1453 et
455 1389 550 1473 sepit,
573 1392 601 1453 et
622 1390 739 1453 iterum
761 1389 890 1469 sepelire
913 1389 1011 1471 coepit
1031 1394 1179 1453 mortuos.

106 1504 141 1542 1⁰
199 1487 303 1556 VIIII.
328 1492 408 1559 (lum
430 1494 605 1576 conspicias
627 1494 734 1577 itaque
759 1494 810 1559 dei
834 1512 942 1559 seruos
964 1512 1025 1559 non
1047 1495 1187 1558 uestram
1209 1514 1283 1559 cru-

158 1595 321 1660 delitatem
343 1598 546 1681 tyrannorum
568 1618 691 1681 semper
712 1599 858 1664 timuisse
882 1618 918 1663 ac
942 1618 1022 1662 nunc
1045 1597 1158 1662 timere
1181 1616 1283 1681 posse,

157 1699 214 1764 sed
236 1702 405 1784 praecepta
428 1702 587 1784 cogitasse
610 1702 728 1767 domini
751 1722 787 1767 ac
812 1703 962 1785 cogitare,
993 1701 1148 1785 quomodo
1170 1701 1206 1765 tu
1228 1720 1285 1767 nos

158 1802 298 1887 dignaris
320 1804 499 1887 petulantes
527 1805 691 1871 iudicare?
724 1824 838 1888 nempe
862 1806 935 1889 quia
956 1805 1093 1870 faciente
1117 1804 1175 1870 deo
1196 1806 1286 1871 tuam

156 1907 318 1972 calcemus
340 1909 377 1971 ut
397 1908 501 1971 lutum
524 1909 707 1991 potentiam.
733 1911 792 1974 hoc
816 1929 877 1974 non
899 1908 1019 1973 faciunt
1040 1910 1125 1973 uires
1147 1909 1284 1986 nostrae,

108 2028 139 2069 15
155 2010 215 2075 sed
236 2010 348 2074 tribuit
368 2011 455 2075 illius
476 2011 695 2076 misericordia
717 2031 811 2094 quem
828 2012 967 2076 execrari
984 2012 1122 2095 dignaris
1137 2011 1170 2075 in
1185 2010 1283 2077 nobis.

157 2112 237 2176 dicit
259 2113 337 2178 deus
361 2114 401 2177 ad
423 2115 623 2179 Ezechielem
645 2115 846 2198 prophetam:
881 2114 944 2198 olto
964 2115 1116 2196 loomc'cc's,
1145 2116 1234 2181 mitto
1256 2120 1285 2180 te

155 2217 200 2280 acl
222 2217 348 2281 domum
370 2218 484 2301 Israel,
501 2219 584 2299 ,quic
606 2219 867 2283 cmcrlcccercct
895 2238 943 2283 me
969 2220 1035 2300 ipsi
1057 2224 1085 2285 et
1103 2223 1213 2300 potres
1234 2238 1284 2283 eo-
1340 2218 1342 2225 ⁴

153 2340 229 2383 rem
250 2340 349 2402 usquc
370 2322 407 2385 c'e
428 2321 612 2386 hodiernum
635 2323 728 2386 diem.
763 2326 793 2385 et
814 2323 897 2388 dices
919 2323 963 2387 od
984 2322 1074 2389 illos:
1106 2323 1180 2387 hoec
1208 2322 1286 2386 cloto

154 2422 314 2508 eominus,
336 2426 366 2491 sc'
387 2426 552 2490 audiemct
565 2428 624 2489 oct
637 2424 878 2508 trepidouerc'ct
898 2428 1049 2509 quonlam
1064 2427 1175 2490 domus
1190 2446 1282 2489 cmo-

104 2544 138 2584 co
153 2531 266 2594 recens
292 2535 351 2606 est,
386 2536 415 2596 et
441 2536 622 2616 reputassent
650 2533 802 2613 quocc'mc
827 2529 987 2613 propheto
1012 2551 1043 2594 os
1065 2535 1100 2594 tu
1122 2532 1158 2594 c'c
1182 2531 1283 2611 onedc'o

154 2655 272 2700 eorum.
296 2643 325 2699 et
345 2639 390 2719 tc,
412 2635 463 2718 fic·
484 2635 631 2719 hominis,
655 2655 696 2699 ec
717 2635 862 2699 timueris
883 2653 933 2698 eos
953 2655 1050 2716 oeque
1072 2635 1284 2715 trepidooero's

154 2759 177 2802 a
199 2738 281 2820 focio
302 2758 417 2821 eorum,
450 2739 602 2821 quoniam
623 2738 862 2819 effuriabuntur
884 2741 913 2801 et
933 2741 1120 2802 ooooccrrect
1140 2757 1235 2820 super
1257 2741 1285 2801 te

153 2843 193 2906 c'ro
221 2843 357 2909 circuitu
387 2846 415 2905 et
443 2842 480 2905 c'c
509 2842 610 2907 medio
636 2841 839 2923 scorpionum
861 2845 896 2904 tc
918 2839 1097 2920 inhabitam
1130 2859 1285 2905 sermones

154 2965 265 3011 eorum
286 2966 326 3010 ce
345 2947 489 3010 timueris
511 2950 539 3010 ct
560 2968 580 3008 c
601 2946 683 3028 focio
705 2965 814 3010 eorum
835 2964 874 3008 ce
890 2944 1111 3028 trepidantem,
1134 2945 1285 3026 quoniam

105 3071 137 3109 25
153 3053 268 3118 domus
290 3052 477 3116 amaricans
497 3055 551 3117 est.
580 3056 609 3115 ct
631 3050 769 3133 loqueris
789 3049 886 3115 uerbo
909 3070 977 3114 meo
1000 3049 1042 3114 ao
1066 3068 1126 3134 eos,
1153 3049 1182 3113 sl
1203 3049 1284 3130 forte

155 3155 322 3220 mulcent
343 3154 394 3221 cei
416 3156 613 3240 expetierint,
637 3157 790 3236 quonium
805 3155 915 3219 olemus
932 3155 1181 3218 cmorleocscst.
1205 3173 1282 3218 con-

153 3261 300 3324 tumaces
322 3259 468 3324 uidemur
487 3259 557 3337 tibi,
580 3260 616 3323 ut
637 3259 698 3323 iste
723 3257 781 3323 deo
806 3257 864 3322 soli
888 3257 1011 3321 dicatus
1026 3257 1194 3322 uidebatur
1209 3273 1283 3340 pro-

153 3363 253 3444 pheta
274 3363 349 3442 illis,
373 3381 506 3447 quorum
527 3364 562 3427 tu
578 3363 725 3427 tenebras
741 3360 897 3444 sequeris3
922 3380 1034 3442 nempe
1050 3360 1121 3425 hinc
1137 3361 1286 3428 Ezechiel

153 3466 309 3547 propheta
333 3466 416 3549 apud
438 3460 574 3532 ludaeos
597 3465 798 3548 coapostatas
820 3466 894 3529 tuos
919 3465 1101 3543 contumax,
1133 3465 1204 3530 hine
1229 3483 1284 3530 ou-

104 3567 272 3650 superbus
294 3571 422 3653 regibus
444 3571 613 3636 uidebatur
635 3569 751 3663 Israel,
790 3569 864 3652 quia
886 3567 1004 3632 domini
1024 3567 1171 3649 impleret
1193 3587 1284 3633 mau-

155 3670 243 3749 dcta‚
267 3674 321 3755 qui
344 3673 464 3739 eisdem
481 3675 664 3756 loqueretur
680 3692 761 3756 quae
777 3671 991 3754 praecepisset
1007 3689 1079 3735 eum
1093 3670 1181 3752 loqui
1197 3670 1283 3737 deus.

152 3777 243 3843 recte
266 3795 322 3841 uos
354 3778 505 3860 superbos
536 3778 694 3859 appellas,
728 3793 785 3840 nos
807 3794 863 3857 per
886 3793 964 3857 quos
987 3774 1092 3840 omnia
1116 3773 1286 3856 praecepta

262 4015 294 4068 16
312 4015 357 4070 Ea.
375 4015 401 4079 2,
419 4017 487 4070 3-7

212 4219 309 4288 laput
395 4219 576 4275 3scrmonem
593 4223 705 4291 scripsi,
724 4238 872 4276 sermonum
893 4223 932 4278 Vo
1013 4236 1110 4290 quosc
1191 4219 1223 4272 11
1244 4219 1284 4286 ac]

154 4320 209 4360 nec
225 4306 270 4360 uel
288 4307 334 4359 aut
352 4313 491 4375 exspectes
562 4307 594 4362 le
611 4307 662 4362 filii
679 4314 747 4363 m.1
818 4308 851 4362 29
870 4309 1057 4379 quoapostatas
1126 4303 1160 4358 30
1177 4305 1285 4374 implere

1134 4408 1184 4462 15*
