3050 5000
799 863 855 947 ΠΙ

497 1035 570 1133 DE
598 1032 807 1134 SANOTO
837 1031 1166 1132 ATHANASIO.

736 1223 883 1308 LIBER
908 1224 934 1306 Ι.

315 1489 340 1550 1.
365 1484 460 1566 Cogis
483 1501 549 1559 nos,
573 1480 746 1557 Constanti,
777 1480 940 1544 absentem
963 1479 1111 1543 damnare
1140 1477 1411 1543 consacerdotem

273 1591 415 1655 nosbum
441 1586 625 1669 religiosum
653 1583 880 1656 Athanasium
915 1583 973 1647 sod
1002 1583 1109 1646 diuina
1134 1582 1169 1646 id
1196 1581 1303 1646 facere
1329 1598 1446 1662 pro-o

273 1692 417 1756 hibemur
439 1690 520 1772 lege.
543 1688 668 1770 inpellis
693 1687 880 1752 anctoritate
902 1686 999 1751 latius
1021 1687 1121 1769 regali
1151 1686 1269 1750 domini
1292 1703 1409 1749 sacer-

276 1794 365 1859 dotes
389 1794 430 1857 ad
454 1791 673 1856 effundendum
697 1809 851 1868 cruorem,
874 1790 1020 1872 ignorans
1036 1792 1105 1854 iura
1125 1789 1268 1853 iustitiae
1283 1787 1411 1852 tradita

274 1897 364 1962 nobis
387 1896 537 1960 diuinitus
559 1894 592 1959 te
614 1896 761 1959 conatum
792 1913 829 1958 ex
856 1894 970 1959 nostris
999 1894 1120 1958 auferre
1147 1892 1318 1956 mentibus.
1369 1909 1410 1954 an

277 1999 428 2064 diuinitus
450 1997 567 2080 poteris
590 1997 737 2062 adserere
759 1997 949 2078 permissum
973 1996 1134 2061 absentem
1157 1994 1341 2059 inauditum
1366 1994 1409 2070 et,

276 2102 360 2185 qnod
383 2102 431 2165 est
453 2100 633 2178 marimum,
660 2099 861 2164 innocentem
890 2098 1054 2163 damnari?
1098 2097 1254 2180 quomodo
1287 2095 1410 2161 etenim
1425 2115 1447 2153 n

277 2206 437 2271 arbitraris
460 2203 610 2268 diuinitus
632 2203 821 2285 permissum
836 2203 938 2284 puniri
951 2202 1121 2279 inauditos,
1146 2201 1269 2284 quando
1290 2199 1410 2263 uideas

276 2308 379 2372 Adam
403 2308 435 2371 et
457 2307 560 2371 Euam
582 2306 739 2388 principes
761 2305 861 2370 nostri
875 2306 999 2388 generis
1017 2304 1140 2369 auditos
1163 2303 1319 2368 sententia
1335 2321 1410 2385 per-

276 2430 387 2475 cussos
411 2410 484 2474 dei?
527 2415 557 2474 ct
577 2409 707 2474 nacamt
727 2409 805 2473 dens
825 2409 945 2491 Adam,
974 2413 1003 2474 et
1024 2409 1108 2474 dicit
1137 2409 1182 2474 et:
1208 2408 1328 2485 Adam,
1354 2407 1411 2470 nbn'

276 2516 332 2579 cs?
366 2519 395 2579 et
415 2514 515 2579 ainm
548 2532 655 2577 nocem
680 2518 771 2578 tnam
799 2513 925 2594 mini,
955 2514 1098 2594 domine,
1127 2512 1164 2575 c'n
1185 2510 1350 2592 paradiso
1382 2514 1411 2573 et

278 2616 382 2691 temni,
405 2616 557 2696 qnondam
580 2612 686 2677 nodas
708 2634 788 2690 sam,
811 2619 842 2677 ct
856 2614 1005 2679 abscondi
1019 2635 1076 2678 me.
1099 2617 1127 2678 et
1147 2612 1446 2679 armaniacensis

278 2718 350 2797 ants
373 2718 429 2780 tibi
450 2716 610 2782 e'ndc'com't
631 2717 708 2798 qnia
730 2717 837 2782 naam
858 2736 899 2801 es,
922 2718 988 2783 nisi
1009 2719 1047 2782 de
1070 2717 1165 2801 lieno,
1179 2717 1218 2781 de
1232 2737 1294 2797 qno
1304 2737 1410 2798 prae·

279 2839 424 2899 ceperam
446 2819 514 2900 te'bn',
535 2819 575 2882 dc
596 2818 651 2883 boc
673 2818 738 2883 solo
761 2840 801 2883 ne
823 2820 1043 2900 manducares,
1065 2840 1103 2885 ec
1121 2841 1154 2885 co
1176 2820 1410 2886 manducasti?

278 2924 309 2984 et
321 2921 405 2985 decit
420 2923 547 2987 Adam:
565 2922 689 3004 molier,
708 2942 806 3004 qaarn
822 2923 947 2999 dedisti,
969 2924 1041 3005 ipsa
1056 2922 1138 2987 mihc'
1151 2923 1237 2987 acan
1251 2922 1288 2987 dc
1307 2922 1409 3007 liqna,

279 3028 309 3087 at
335 3025 543 3089 manducant.
586 3030 616 3089 ct
636 3026 721 3089 atate
741 3028 818 3092 dens
846 3026 991 3091 mulieri:
1019 3027 1098 3109 qnid
1124 3025 1179 3091 boc
1207 3026 1336 3107 fecisti?
1383 3030 1413 3090 et

281 3126 365 3191 dicit
378 3129 509 3193 malac:
524 3146 651 3209 serpens
656 3129 822 3209 persnase't
836 3128 925 3207 mebi,
941 3134 971 3193 et
982 3128 1189 3193 mandacem.
1215 3146 1287 3192 cum
1309 3127 1411 3209 igitar
1424 3152 1447 3189 so

280 3229 461 3294 huiusmodi
482 3229 616 3294 formam
637 3230 799 3294 iudicandi
824 3230 949 3294 dedisse
973 3231 1066 3295 deum
1091 3230 1275 3308 aduerteris,
1299 3249 1376 3294 cum
1395 3251 1412 3293 a

280 3331 411 3396 latebris
446 3329 834 3499 commonensque
871 3333 964 3398 deum
993 3334 1181 3398 sententiam
1210 3333 1338 3398 dedisse
1371 3334 1410 3397 de

282 3435 382 3499 sacris
405 3435 540 3517 scriptur
659 3437 826 3519 collegeris
848 3436 995 3516 fontibus,
1025 3438 1115 3502 cuius
1143 3435 1230 3501 fuisti
1254 3436 1350 3517 atque
1377 3454 1411 3499 es

281 3536 484 3618 inpudentiae
506 3537 667 3602 iudicandi
691 3539 741 3603 dei
765 3539 866 3603 seruis
890 3558 959 3603 cam
983 3540 1058 3603 dare
1073 3539 1218 3617 formam,
1241 3557 1325 3620 quae
1348 3558 1411 3602 non

284 3638 396 3703 fuisset
419 3640 543 3723 delego
559 3642 688 3705 ueniens
704 3642 842 3706 domini?
865 3660 922 3706 nec
938 3641 1081 3721 timuisti,
1104 3662 1143 3707 ne
1158 3642 1272 3706 fuisset
1288 3640 1411 3705 dictum
1424 3662 1445 3702 s

389 3841 420 3894 13
438 3842 504 3897 Gen.
521 3842 546 3911 3,
564 3843 649 3897 9-13

335 4029 405 4071 aare
423 4030 574 4071 rasennam
597 4031 677 4070 samo
695 4031 785 4069 ossan
809 4030 944 4070 mmmmm
966 4030 1019 4069 nno
1042 4030 1182 4069 mannaan
1206 4018 1292 4069 c'nscn.
1315 4017 1348 4080 V,
1371 4016 1413 4069 Ad

284 4099 470 4155 Constantium
480 4100 667 4169 Imperatorem
683 4116 729 4168 pro
748 4104 840 4153 sancto
852 4100 1027 4155 Athanasioc
1097 4102 1112 4153 7
1128 4106 1195 4169 post
1213 4100 1249 4153 ad
1265 4118 1326 4155 nas.
1346 4106 1414 4157 4—5

285 4186 446 4239 litterariam
515 4185 548 4237 14
559 4182 688 4253 paradyso
757 4184 789 4237 21
804 4184 948 4239 aduerteris
961 4188 1074 4256 scripsi,
1087 4185 1227 4239 aduertens
1245 4188 1276 4251 V,
1290 4186 1412 4242 aduertas

285 4288 301 4325 o
370 4271 545 4324 accerume
