3050 5000
157 483 160 488 Α
288 405 348 473 lid
774 406 924 461 hneileri
968 420 970 427 ·

284 595 422 660 cndirtis
443 596 483 659 ct
505 598 626 678 oripine
647 600 683 659 nt
705 614 845 660 antemna
861 596 1071 675 nttemrning
1092 599 1122 660 ct
1142 613 1208 659 nen
1232 595 1328 659 sient
1340 586 1430 659 Una

289 718 328 762 ex
348 699 490 782 mctipne
511 700 586 781 fad,
609 704 638 764 et
658 700 819 781 interfecit
839 699 975 781 fratrent
997 715 1101 765 annm
1139 703 1171 764 et
1185 703 1333 781 propter
1347 694 1428 778 qnid

290 802 451 883 interfecit
471 804 568 868 mm?
589 805 742 884 qnoniam
757 822 853 885 opera
867 802 961 867 illins
976 800 1122 885 mntiynn
1137 802 1285 884 munt,
1304 796 1426 881 finnt

290 906 393 969 anton
415 905 467 969 sni
488 906 584 971 insto.

328 1008 414 1073 XVI.
436 1008 503 1071 Nee
527 1007 624 1073 debes
639 1006 786 1071 dubitare
809 1024 904 1089 opera
918 1008 975 1071 tua
989 1026 1059 1071 esse
1074 1000 1223 1089 maligne,
1249 998 1423 1070 Athanasii
1445 1020 1455 1059 ε

285 1127 361 1177 utero
384 1113 477 1177 iusta.
522 1114 557 1175 tn
581 1111 696 1174 etenim
720 1128 754 1174 es
776 1110 944 1187 homicida,
967 1108 1129 1193 religionis
1152 1110 1204 1175 dei
1217 1110 1421 1185 destructor,

284 1215 370 1279 eunici
384 1214 441 1281 dlii
457 1216 509 1280 dei
523 1216 663 1297 negator,
688 1214 880 1295 apostolieae
895 1212 970 1277 fidei
986 1214 1188 1297 expugnator,
1211 1212 1423 1278 idololatriae

285 1319 436 1383 Arrianae
459 1317 622 1392 hundat0r3
656 1319 767 1381 contra
788 1316 979 1381 Athanasius
1009 1319 1057 1381 est
1083 1318 1114 1381 in
1142 1310 1259 1381 timore
1290 1309 1421 1379 delita

284 1438 481 1504 permanens,
497 1422 533 1485 nt
548 1420 625 1484 nihil
641 1420 847 1497 commisisse,
872 1420 1024 1502 qnantum
1039 1419 1141 1485 uideri
1155 1420 1274 1503 potest,
1291 1418 1422 1482 inueni-

285 1527 354 1589 atur
378 1523 462 1607 qnod
485 1542 557 1587 eum
579 1524 679 1605 possit
702 1542 721 1587 a
743 1524 802 1588 deo
826 1506 1040 1588 dileetimmis
1063 1540 1219 1605 separare.
1246 1538 1326 1587 eum
1342 1523 1420 1586 haee
1434 1532 1452 1572 1⁰

282 1628 329 1691 ita
351 1628 423 1704 sint
446 1627 608 1691 hortamur
631 1626 745 1709 diligas
773 1628 805 1690 te
827 1626 859 1691 in
882 1626 1064 1691 Athanasio.
1101 1626 1218 1691 retines
1243 1625 1421 1707 scriphrmr

285 1728 399 1815 ditipes
415 1732 599 1813 proximem
622 1736 712 1795 trcnm
735 1734 899 1812 nmquam
915 1736 945 1795 te
959 1732 1066 1813 ipsum
1088 1732 1120 1795 et
1143 1732 1199 1812 qni
1213 1728 1335 1813 cnlpae
1344 1744 1421 1810 pen

283 1832 407 1898 cimam
429 1833 524 1917 lepem
545 1834 700 1914 impleuit.
744 1835 782 1897 nt
804 1833 920 1897 sionim
948 1834 981 1897 te
1003 1833 1124 1915 inipso
1155 1833 1234 1910 odie,
1265 1833 1420 1915 ignorans

285 1935 360 2019 qnia
381 1937 499 2002 malurn
523 1938 564 2002 sit
591 1938 710 2001 instram
740 1936 827 2001 odire
856 1936 982 2013 iniuste,
1016 1936 1064 2000 ita
1092 1937 1125 2000 te
1151 1935 1183 2000 in
1214 1956 1254 2001 eo
1282 1935 1420 2017 incipies

285 2058 400 2119 amare,
416 2040 443 2106 si
457 2040 536 2104 haec
547 2041 604 2103 tua
614 2039 833 2104 maliuolenh'a
843 2038 938 2104 iecerit
949 2054 1101 2105 conuersa
1111 2040 1143 2102 in
1154 2038 1450 2104 beniuolentiama

282 2144 357 2207 tunc
380 2144 496 2225 poteris
520 2143 598 2224 eripi
621 2161 638 2206 e
660 2142 809 2220 leuctris,
839 2143 871 2206 in
895 2142 1009 2224 quinus
1036 2144 1068 2206 te
1093 2141 1170 2205 dicit
1191 2142 1311 2207 heatus
1338 2157 1416 2223 apo-

284 2247 384 2311 stolus
405 2248 588 2313 mansitare.
624 2247 723 2312 nolite
744 2248 838 2325 enine,
859 2247 970 2329 inquit,
993 2248 1120 2323 mirari,
1142 2246 1275 2330 fratres,
1299 2247 1334 2310 si
1356 2247 1421 2311 odit

286 2369 343 2414 nos
364 2347 535 2417 scamium.
558 2368 617 2415 noa
639 2351 757 2415 scineae
772 2351 924 2431 qnoniam
940 2350 1115 2415 consitam
1129 2346 1264 2430 fnimns
1279 2370 1302 2413 a
1320 2352 1420 2413 merie

283 2454 327 2541 cd
349 2453 463 2536 uitem,
492 2454 643 2536 qnoniam
676 2472 824 2518 amemus
851 2440 978 2534 iratres,
1020 2454 1077 2535 qni
1105 2456 1210 2518 annm
1231 2466 1300 2517 nen
1332 2457 1422 2516 amnt

284 2563 393 2622 manet
413 2559 451 2621 in
472 2561 579 2622 morte.
622 2559 726 2622 ornnc'e
748 2558 812 2638 nni·
828 2557 895 2621 odit
915 2555 1050 2638 fratrem
1071 2569 1165 2621 annm
1186 2549 1357 2620 homicida
1377 2560 1449 2620 ests

288 2665 317 2724 ct
333 2661 421 2725 scitis
436 2662 514 2742 qnia
529 2661 631 2724 omnis
646 2659 805 2725 nnana
820 2649 886 2724 non
901 2657 991 2724 hehet
1005 2659 1109 2723 citam
1123 2659 1162 2723 in
1175 2675 1207 2724 se
1221 2663 1417 2723 monentem.

283 2783 341 2828 nee
362 2763 479 2829 audeas
488 2764 558 2827 ‘iam
574 2762 697 2828 dicere:
721 2751 873 2827 damnate
887 2765 1092 2839 innocentem,
1107 2761 1201 2826 horno
1216 2777 1280 2826 non
1295 2761 1419 2826 habens

282 2866 315 2930 in
335 2866 370 2930 te
393 2866 710 2956 uitam-‘manentem'
735 2867 829 2931 horno
860 2865 914 2948 qni
942 2860 1078 2929 necdum
1099 2863 1212 2929 iecoris
1241 2865 1418 2929 transitum

284 2965 448 3034 demente
473 2964 513 3033 ad
536 2969 644 3033 uitam.
682 2969 708 3034 si
733 2969 815 3034 enim
838 2969 978 3046 fecisses,
1001 2969 1060 3032 hoc
1092 2969 1141 3032 est
1167 2969 1195 3032 si
1222 2960 1255 3031 in
1285 2965 1418 3030 unicum

284 3070 336 3137 dei
358 3070 458 3137 filium
482 3072 565 3138 aient
586 3087 642 3136 nos
664 3069 866 3149 credidisset,
891 3087 948 3136 nec
963 3070 1123 3136 homicida
1138 3085 1207 3135 esse
1223 3071 1448 3153 delegissent

283 3194 321 3240 ne
344 3173 494 3241 uidelicet
514 3176 669 3258 inciperes
682 3175 799 3239 iterum
814 3169 941 3258 regredi
958 3172 998 3238 ad
1012 3175 1155 3239 mortem.
1179 3173 1304 3256 duplici
1319 3174 1419 3256 igiter

286 3275 380 3343 modo
403 3279 610 3343 constitutus
627 3279 708 3342 sine*
728 3281 784 3361 sp'e
816 3280 902 3343 uitae
935 3277 1083 3362 dignatus
1118 3295 1151 3341 es
1179 3278 1344 3359 imperare
1379 3276 1415 3340 de

284 3379 499 3447 sacerdotibus
541 3365 721 3447 interficere
759 3383 967 3448 innocentem.
1012 3381 1070 3445 sed
1097 3374 1240 3446 fortassis
1275 3379 1417 3464 temptes

290 3482 410 3548 dicere:
434 3504 505 3551 cmc
528 3491 673 3551 amantes
694 3487 787 3551 decem
808 3491 837 3550 et
858 3486 930 3551 edio
953 3469 1048 3550 nabeo
1069 3486 1205 3551 nemetes
1225 3503 1311 3550 cnm
1363 3483 1417 3548 sed

284 3589 363 3652 haec
387 3589 425 3652 de
449 3587 620 3654 Athanasio
643 3595 709 3654 hon·
725 3591 843 3672 poteris
860 3590 975 3668 deero,
1000 3579 1295 3672 quoniamquidem
1310 3587 1447 3670 magian

284 3691 407 3755 constet
428 3691 461 3754 te
485 3692 571 3755 odire
595 3693 699 3772 deam,
724 3694 798 3775 qnia
821 3694 853 3757 et
868 3693 1073 3776 dereliqueris
1087 3691 1178 3756 illum
1193 3691 1416 3754 ottrannitunn

284 3795 397 3858 leceris
415 3794 455 3857 ad
470 3794 691 3862 idololatriam.
714 3796 832 3882 itaque,
849 3797 922 3878 quia
938 3796 1057 3861 nnllam
1072 3795 1198 3877 eulpam
1212 3793 1415 3876 persequeris

247 4005 250 4010 ,
386 3965 419 4018 12
435 3965 531 4020 Matth.
550 3965 593 4029 22,
612 3966 645 4018 39
664 3969 692 4018 et
708 3966 784 4020 Rom.
804 3967 845 4031 13,
864 3967 880 4021 8
916 3922 918 3928 ¹
950 3967 982 4020 17
999 3965 1013 4018 I
1029 3965 1085 4019 Ion.
1104 3965 1130 4028 8,
1150 3964 1253 4018 lta-15

279 4109 305 4136 ”
333 4137 494 4190 cannen
562 4139 719 4193 cananae
789 4125 961 4193 cieolatnae
974 4142 1036 4193 nr
1106 4135 1200 4190 nanee
1213 4135 1246 4200 V,
1264 4151 1349 4190 nono

283 4223 316 4275 28
333 4223 421 4276 tentes
443 4220 469 4277 V
487 4241 523 4276 na.
545 4241 598 4278 rec.
623 4227 667 4292 (nt
685 4225 756 4278 cerei.
775 4225 934 4294 Latinius),
956 4225 1053 4278 temtes
1075 4223 1101 4278 V
1120 4239 1155 4276 nn
1179 4223 1309 4295 Latonas
1332 4237 1348 4276 u

282 4324 316 4377 aa
334 4299 434 4379 amites
453 4327 471 4393 (ΙΙ
489 4345 523 4380 m.
542 4329 607 4393 ree.)
677 4322 712 4380 aa
729 4325 881 4382 idolatriam
