3050 5000
289 360 333 425 70
782 358 932 412 Luciferi

291 551 417 615 uertere
439 547 592 612 iudicium
616 547 683 612 eius
706 564 815 612 seruos
830 545 992 629 conpellia
1014 545 1131 610 iustam
1146 547 1309 629 temptans
1327 545 1431 610 etiem

290 651 473 717 muneribus
506 650 646 716 nostram
679 667 880 732 corrumpere
915 650 1054 714 dicatam
1084 649 1315 716 conscientiam
1353 648 1429 712 deo.
1506 665 1507 706 o

290 756 321 820 si
344 755 469 832 andita,
494 752 572 818 dicit
595 753 682 832 deus,
706 753 851 820 audieris
872 772 979 818 nocem
1001 772 1104 818 meam
1125 758 1154 818 at
1174 754 1287 835 feceris
1310 753 1429 817 omnia

293 877 374 940 qnae
394 857 504 922 dicem
526 857 593 938 titi,
622 857 774 922 inimicos
796 875 847 922 ora
868 857 1011 922 inimicis
1032 858 1097 922 tais
1124 862 1153 922 at
1173 857 1325 922 neemiam
1349 875 1428 920 oon-

293 960 409 1024 trariis
419 961 493 1025 tais.
523 957 587 1024 iem
601 959 693 1038 tuum
709 959 751 1024 sit
764 961 896 1042 probare
911 959 1110 1042 praecepisse
1127 959 1221 1024 deum
1235 958 1427 1022 innoeentes
1454 982 1466 1020 ⁵

296 1082 365 1130 esso
394 1063 630 1146 percutiendos,
666 1061 872 1145 apostolicam
901 1062 1108 1128 deserendam
1139 1061 1235 1126 fidem
1271 1061 1304 1126 et
1332 1061 1431 1125 tuem·

294 1166 527 1249 suscipiendam
558 1165 733 1248 perfidiam.
779 1184 835 1230 cur
867 1167 962 1242 haec,
998 1183 1078 1248 quae
1112 1164 1271 1230 mendatis
1300 1163 1428 1228 domini

294 1268 511 1348 aduersantnn
533 1268 603 1334 fieri
624 1268 882 1351 praecipiendum
903 1268 1045 1351 putasti?
1068 1287 1140 1333 cum
1165 1268 1260 1333 etiem
1274 1268 1309 1332 in
1325 1266 1426 1331 Leni·

291 1371 356 1436 tioo
386 1371 546 1437 dominum
578 1371 760 1438 memineris
790 1371 905 1438 dixisse
941 1371 981 1436 ed
1009 1372 1154 1455 Moysen:
1189 1370 1313 1453 toquere
1340 1370 1428 1452 filiis

291 1474 398 1542 Israel
418 1479 449 1540 et
468 1477 554 1541 dices
580 1475 624 1540 ad
651 1494 717 1542 aas:
749 1496 803 1559 epa
830 1475 979 1541 dominas
1006 1475 1214 1557 diaecesim,
1242 1473 1461 1540 secandune

291 1579 401 1644 studio
422 1582 523 1644 terroe
545 1580 690 1663 Aegypti,
712 1580 750 1644 in
772 1599 837 1661 qna
858 1578 1072 1658 inhabitastis,
1094 1579 1132 1642 in
1146 1598 1184 1644 aa
1204 1597 1268 1642 non
1282 1577 1424 1658 facietis

291 1685 321 1746 et
341 1681 513 1746 nonedam
538 1682 650 1748 stadia
676 1686 779 1747 terrae
803 1681 1082 1763 Otananaeoram,
1111 1681 1148 1746 in
1169 1699 1267 1762 quaen
1288 1699 1344 1764 opo
1370 1680 1425 1744 in·

292 1783 412 1850 dnaero
434 1803 499 1866 nos,
522 1783 568 1848 iti
588 1804 656 1850 non
676 1785 803 1868 facietis
825 1789 854 1850 et
874 1785 913 1848 in
936 1783 1077 1868 tepitima
1099 1801 1206 1848 eornm
1220 1803 1285 1848 non
1306 1783 1424 1848 amto-

295 1886 412 1953 totitis.
457 1888 582 1954 indicia
608 1908 678 1954 mea
704 1889 829 1970 facietis
862 1893 890 1954 et
913 1893 1087 1972 praecepta
1114 1907 1185 1952 mea
1212 1887 1366 1952 custodite
1397 1891 1426 1950 ot

296 1989 456 2056 ambulate
477 1991 515 2056 in
536 1992 591 2056 eis.
636 2011 689 2076 epo
710 1992 858 2057 dominns
880 1992 957 2056 dens
979 1996 1092 2056 aester.
1136 1991 1288 2057 amasae
1311 1991 1424 2054 omnia
1439 2018 1461 2056 a

290 2098 460 2176 piamenta
482 2115 553 2160 mea
573 2099 604 2160 et
623 2096 734 2160 mama
747 2095 873 2162 indicia
887 2115 957 2160 maa
974 2093 1143 2175 afacietis
1164 2113 1220 2177 ea;
1242 2094 1298 2176 pai
1313 2093 1426 2174 fecerit

292 2215 330 2262 ea
351 2197 441 2262 tomo
462 2199 552 2263 nicet
572 2199 611 2263 in
631 2199 722 2280 ipsis.
755 2218 809 2282 epo
833 2198 978 2262 damtione
999 2197 1074 2262 dens
1097 2201 1208 2263 meter.
1232 2197 1258 2262 si
1276 2197 1308 2261 in
1325 2215 1423 2278 prae-

290 2299 391 2382 ceptis
414 2300 532 2365 domini
555 2299 668 2366 decere
690 2301 781 2366 usles
797 2300 1010 2384 couscriptum
1026 2301 1127 2366 iustos
1144 2319 1214 2366 esse
1231 2299 1272 2365 ad
1286 2299 1423 2364 iniusto-

289 2421 360 2467 rum
376 2403 594 2486 suggestiones
609 2404 793 2486 puniendos,
808 2404 895 2472 recte
914 2405 1028 2470 cuncte
1042 2404 1075 2468 te
1092 2404 1196 2488 egisse
1212 2403 1308 2486 etque
1327 2421 1423 2486 agere

290 2498 408 2588 poteris
432 2506 607 2572 aduertere.
654 2509 733 2575 doce
754 2508 787 2574 in
810 2509 969 2575 mendatis
992 2509 1044 2573 dei
1059 2508 1272 2590 conscriptum
1295 2505 1423 2571 calum·
1437 2532 1457 2569 n

292 2608 353 2673 niis
374 2608 490 2690 potitos
514 2610 582 2675 eius
603 2610 741 2675 cultores
766 2628 784 2674 a
805 2612 838 2675 te
861 2611 974 2676 domus
991 2611 1058 2675 eins
1073 2610 1275 2693 persecutore
1291 2628 1350 2693 per
1366 2626 1424 2673 uos

294 2711 457 2794 episcopos
481 2731 550 2777 osse
572 2713 808 2780 interimendos.

201 2829 204 2835 ·
335 2815 410 2879 IIII.
436 2814 500 2880 Cur
523 2816 564 2881 sd
585 2816 666 2881 hanc
688 2834 745 2898 per
768 2816 947 2882 commanos
968 2818 1041 2883 tuos
1065 2816 1221 2883 deductus
1237 2834 1271 2881 es
1286 2816 1422 2897 implen-

293 2916 367 2983 dam
396 2916 574 2983 melitium?
619 2937 701 3002 qnae
734 2918 840 3002 coegit
864 2919 897 2983 te
926 2938 1025 2985 oense
1051 2919 1273 3001 imperatorem
1309 2918 1424 3000 petere
1504 3000 1505 3007 ἵ

294 3020 459 3085 calumniis
490 3020 541 3085 dei
567 3021 748 3087 hominem?
793 3020 946 3104 numquid
973 3041 1032 3087 non
1062 3021 1187 3105 legeres
1214 3020 1245 3085 in
1273 3020 1423 3087 Leuitico
1437 3044 1457 3083 a
1504 3010 1505 3019 ’

294 3123 411 3189 dixisse
448 3124 557 3189 deum:
591 3125 690 3191 nolite
721 3125 883 3191 mendacio
907 3129 1010 3206 petere
1043 3144 1140 3207 napae
1173 3123 1424 3191 calumniemini

293 3228 511 3309 muronicam
519 3228 731 3309 monimum?
748 3228 781 3293 et
794 3226 888 3293 inira:
904 3246 969 3293 non
983 3227 1182 3295 mentiemini
1191 3246 1290 3309 neone
1302 3227 1424 3293 catana·

291 3330 384 3394 niam
405 3331 532 3413 facietis
547 3332 708 3412 pectino,
730 3335 760 3397 et
781 3350 846 3397 nen
862 3331 1083 3413 profanabitis
1103 3350 1217 3397 nonsen
1231 3330 1359 3395 demini
1373 3332 1423 3396 dei

293 3432 402 3497 nestri.
426 3452 480 3515 epo
501 3451 574 3497 anm
595 3433 745 3497 dominns
767 3433 844 3499 deno
865 3437 975 3501 anter.
998 3454 1065 3499 non
1087 3432 1212 3499 nocetis
1230 3434 1423 3516 proximam

294 3537 395 3616 mam,
417 3539 445 3599 et
467 3535 589 3601 timetis
609 3535 776 3601 dominnm
790 3536 883 3603 denm
897 3541 997 3603 inam
1022 3557 1076 3622 epo
1094 3556 1164 3603 snm
1178 3537 1331 3603 dominns
1347 3537 1423 3603 deas
1435 3556 1456 3596 a
1503 3530 1504 3579 t

289 3640 376 3705 mna.
400 3655 465 3701 non
486 3637 612 3719 faciais
634 3639 782 3721 nemnem
804 3640 842 3705 in
856 3640 983 3725 indicia
1008 3659 1072 3705 non
1090 3640 1234 3723 accipias
1244 3658 1422 3721 personam

393 3856 479 3914 elix.
503 3858 545 3921 28,
568 3859 602 3913 22
705 3860 827 3915 edoni.
845 3860 887 3925 18,
906 3860 973 3914 2-5
1076 3860 1163 3917 ecio.
1188 3860 1352 3930 19,11-19

341 4064 358 4118 3
377 4065 466 4120 nociti!
483 4066 567 4119 metit
672 4067 689 4118 4
706 4066 829 4121 resistam
847 4082 931 4137 anper
953 4066 1091 4120 restituam
1109 4069 1226 4137 scripsit
1244 4086 1278 4124 m.
1298 4086 1353 4126 rec.

290 4188 466 4247 immarus
537 4187 569 4240 12
581 4186 774 4242 smirneorum
844 4158 1364 4259 1srtaamneanpmmam
1385 4192 1421 4259 V;

291 4312 370 4351 emo
439 4295 472 4349 19
489 4281 636 4363 puniendos
704 4294 738 4348 24
756 4264 829 4361 erigit
897 4294 931 4348 29
948 4261 1065 4361 proximi¹
1088 4256 1135 4347 gu}
1156 4294 1187 4359 V,
1205 4292 1322 4363 proximo
1340 4296 1419 4347 tnoo
