3050 5000
468 368 509 421 De
527 369 619 421 sencio
638 367 785 420 Athanasio
803 367 872 421 liber
887 367 907 422 I.
1212 370 1255 435 69
1366 327 1370 336 ι

123 560 255 625 iubebas
271 559 414 622 damnari
436 559 571 638 euobis,
595 578 667 624 eum
690 559 820 644 Moysen
836 561 992 626 inueneris
1009 561 1140 626 dixisse:
1164 563 1254 626 aenit

124 663 168 728 ad
189 684 238 728 me
252 662 395 745 popains
416 682 572 744 quaerens
591 661 752 728 indiciam
775 685 796 727 a
818 665 971 729 domino?
995 666 1021 730 si
1043 666 1177 748 populus
1199 665 1251 730 id‘·

123 768 209 831 circo
233 765 274 830 ad
296 784 354 829 uos
376 764 514 842 confluit,
543 764 581 828 ut
603 765 776 829 secuudum
807 765 858 830 dei
880 766 984 848 legem
1006 765 1172 845 iudicetur,
1196 787 1252 832 cur

123 870 160 933 tu
174 870 314 951 inquies:
337 869 489 932 damnate
504 869 727 933 innocentem?
748 868 857 949 iisque
873 886 945 933 cum
961 870 1019 934 hac
1036 872 1250 953 praeceptum,

90 972 212 1055 ⁵quod
233 971 391 1055 prolatum
415 972 464 1036 est
486 991 505 1036 a
525 973 568 1049 te,
593 990 653 1036 uon
677 971 719 1036 sit
740 971 870 1036 ueniens
895 989 932 1036 ex
954 965 1025 1054 lcg'e
1051 973 1111 1051 dei,
1136 974 1192 1038 sed
1208 973 1250 1040 sit

123 1075 217 1158 plena
240 1094 277 1139 ox
299 1073 463 1139 uoluuteie
484 1073 646 1138 fimetum
670 1073 797 1152 diaboli,
826 1074 955 1139 taudem
982 1075 1132 1159 intellege
1162 1077 1250 1160 quis-

124 1197 197 1242 nam
223 1197 276 1242 us.

167 1282 226 1346 ΙΙΙ.
250 1281 335 1346 onr
350 1281 432 1346 Loth
447 1299 601 1345 conuersa
616 1281 649 1344 in
666 1281 766 1344 sulem
783 1282 840 1359 est,
857 1299 912 1344 cur
928 1281 1059 1363 implere
1075 1281 1252 1364 nequiuerit

122 1384 293 1466 imperuim
322 1385 421 1462 nobis,
445 1383 540 1448 creda
561 1383 742 1447 interuentu
764 1385 830 1462 tuo,
861 1385 934 1466 quia
956 1384 1108 1472 uideiiaet
1131 1379 1174 1450 sis
1196 1403 1251 1450 rex

75 1493 108 1532 ¹⁰
122 1488 257 1553 Romani
267 1488 401 1570 imperii,
417 1487 496 1552 nihil
507 1486 670 1552 accideret
682 1487 848 1564 melorum,
866 1487 892 1550 si
905 1485 994 1552 falsis
1008 1488 1252 1571 praegreueium

124 1591 307 1655 criminibus
331 1589 574 1655 damnaremus?
619 1608 711 1654 seara
733 1589 889 1672 scripturo
910 1590 941 1654 in
965 1590 1082 1670 Exodo,
1115 1592 1252 1675 Moyses,

121 1694 235 1777 iuquit,
258 1695 401 1760 ascendit
422 1695 459 1758 in
481 1699 614 1759 montem
630 1695 691 1779 dei,
716 1699 744 1759 et
766 1695 897 1758 nocomt
917 1713 988 1758 enm
1003 1694 1250 1760 desudamenta

122 1798 248 1864 dicens:
281 1798 355 1863 mec
377 1799 461 1863 dices
483 1799 591 1863 donini
613 1797 707 1862 Iacob
735 1803 764 1863 et
792 1797 1002 1862 adnuntiabis
1028 1798 1108 1880 pitis
1130 1797 1251 1864 Israel:

121 1901 188 1983 ipsi
210 1901 338 1966 uidistis
358 1905 483 1984 anania
505 1901 634 1982 fecerim
649 1901 822 1984 Aeppptiis
846 1905 876 1964 et
898 1900 1064 1982 adsumpsi
1086 1920 1142 1965 nas
1164 1905 1249 1965 tam·

76 2016 107 2055 1⁵
123 2025 224 2087 qnam
250 2024 350 2085 snpra
369 2005 493 2086 pinnas
521 2003 652 2085 aqniiae
672 2008 702 2067 et
722 2003 847 2068 eadem
869 2021 927 2067 nas
947 2003 992 2066 ad
1014 2021 1070 2068 nce.
1115 2008 1143 2067 et
1165 2023 1251 2069 nanc

123 2111 156 2173 si
177 2109 292 2175 andita
315 2108 488 2174 audieritis
509 2127 618 2171 nocem
640 2126 743 2171 meam
764 2109 795 2170 et
809 2105 1020 2170 custodieritis
1034 2109 1252 2172 testamentum

123 2232 238 2292 meam
262 2213 352 2277 eritis
373 2211 455 2276 miii
472 2210 616 2293 popntns
636 2211 808 2275 abandons
826 2229 908 2290 prae
930 2207 1074 2274 emotae
1096 2211 1250 2293 pentibus.

126 2335 198 2381 mea
220 2321 264 2380 est
285 2317 441 2381 uniuersa
462 2320 561 2379 terra.
584 2333 642 2380 nos
663 2317 770 2377 antem
792 2313 882 2376 critis
897 2311 979 2375 miii
993 2332 1125 2396 repnnn
1140 2332 1251 2378 sacra·

123 2420 287 2483 tissimmn
300 2424 329 2484 et
342 2439 421 2503 pens
436 2423 559 2483 saneta.
584 2416 741 2500 quomodo
756 2433 834 2499 geue
851 2414 970 2491 senate,
996 2415 1022 2480 si
1038 2416 1252 2481 innocentium

78 2539 110 2578 so
125 2522 278 2587 fuerimus
300 2523 486 2589 necatores?
524 2522 681 2604 quomodo
701 2538 835 2603 regnum
848 2510 917 2583 ¹deo
941 2519 1201 2597 sacratissimum,
1225 2520 1253 2585 si

125 2627 296 2708 praecepte
306 2627 542 2708 praetereamus
554 2626 643 2691 eius?
664 2625 742 2689 item
754 2624 832 2688 dicit
845 2624 939 2687 deus:
957 2642 1024 2687 non
1035 2622 1253 2706 moechaberis,

125 2748 192 2792 non
214 2728 340 2809 accides,
362 2748 426 2791 non
440 2727 562 2808 falsam
576 2727 790 2792 testimoninm
804 2725 888 2790 dices
902 2726 1057 2791 adnersns
1065 2728 1253 2807 promimam

124 2836 225 2895 tnnm.
269 2831 306 2893 iu
327 2830 431 2911 inquis
454 2830 579 2894 eontra:
608 2828 696 2895 crede
722 2828 804 2893 miii
831 2828 951 2893 dicenti
978 2827 1066 2909 falsa
1094 2834 1122 2893 et
1145 2834 1252 2894 ncacta

125 2935 330 2999 innocentem.
353 2952 484 2999 mouens
508 2933 586 2998 deus
610 2932 687 2997 dicit
708 2932 741 2997 iu
763 2931 888 2997 Exodo:
911 2951 977 2995 non
1000 2930 1103 2996 credes
1124 2932 1253 2997 anditni

76 3051 110 3093 2⁵
123 3058 221 3116 nanc,
246 3058 312 3101 non
334 3038 506 3103 consenties
526 3058 598 3102 cnm
612 3037 724 3118 inipso
739 3036 810 3117 pieri
825 3037 913 3100 testis
927 3035 1077 3113 intinctas,
1100 3054 1167 3099 non
1189 3036 1253 3100 eris

125 3162 201 3206 amn
220 3140 426 3222 conpluribus
447 3142 484 3205 in
505 3139 642 3204 matitia.
687 3159 755 3203 nan
777 3140 917 3220 adpones
938 3156 1010 3202 cnm
1037 3138 1254 3219 compiniaco

124 3244 287 3310 decimare
314 3263 386 3308 cnm
409 3244 518 3327 tarda,
551 3248 588 3307 nt
614 3243 752 3308 animes
779 3241 935 3307 indiciam
967 3245 996 3305 et
1018 3242 1160 3323 ponpeei
1188 3261 1255 3307 non

124 3348 307 3414 miserearis
330 3349 367 3411 in
386 3348 508 3413 indicio
530 3349 607 3431 eins,
653 3346 685 3410 at
705 3344 802 3409 infre:
831 3363 897 3408 non
918 3345 1075 3411 subnectas
1096 3345 1254 3410 indiciam

124 3454 279 3535 panperis
300 3454 339 3517 in
358 3452 479 3517 indicio
501 3452 579 3531 eins,
609 3450 650 3514 oi
677 3450 767 3513 omni
789 3446 881 3512 amba
904 3448 1018 3529 inipno
1038 3450 1170 3531 recedes,
1199 3449 1253 3513 in·

78 3576 112 3616 so
125 3562 287 3621 nocentem
309 3560 338 3619 et
359 3555 480 3619 instem
502 3574 570 3618 non
590 3553 717 3632 accides,
747 3570 814 3615 non
835 3550 1023 3633 insidiandis
1046 3550 1174 3631 inpiam
1193 3570 1254 3632 pro

125 3660 327 3740 manendam
347 3678 485 3723 manera
505 3658 591 3721 enim
605 3659 775 3720 excaecant
791 3652 895 3719 ocutos
909 3653 1092 3719 euidentiam
1113 3658 1142 3717 et
1152 3654 1253 3733 pesti-

125 3763 235 3845 ferant
255 3781 411 3828 sermones
432 3762 540 3825 instas.
566 3759 606 3823 ad
627 3759 706 3822 haec
729 3757 765 3820 tu
782 3756 977 3821 excludendo
990 3756 1160 3838 praecepta
1177 3756 1253 3821 sub-

232 3915 261 3968 11
280 3916 330 3971 Ex.
349 3917 390 3978 19,
409 3914 476 3967 3-6
580 3912 612 3966 21
630 3911 667 3966 ib.
685 3911 727 3975 20,
748 3910 848 3965 13-16
952 3907 1039 3963 2411).
1058 3909 1099 3973 23,
1120 3908 1186 3963 1-3

126 4004 162 4057 28
179 4003 215 4057 ib.
234 4002 275 4065 23,
295 4002 363 4056 6-8

179 4125 324 4194 2quereus
393 4121 541 4190 4inquieus
554 4135 581 4173 es
594 4120 661 4186 fort.
731 4118 801 4171 isit
818 4123 880 4172 m.1
950 4117 1024 4171 deur
1040 4116 1070 4180 V,
1090 4114 1186 4184 quoda

125 4212 158 4267 21
178 4208 339 4280 mechaberis
443 4208 474 4261 81
495 4208 523 4259 ct
539 4220 648 4259 munere
668 4205 694 4260 V
709 4205 748 4272 (et
766 4220 817 4258 am.
835 4204 874 4271 e);
893 4206 920 4258 et
937 4218 1044 4256 munere
1061 4215 1115 4254 nou
1133 4200 1253 4269 occipias,

125 4313 236 4351 munera
254 4296 322 4363 tart.
