3050 5000
298 358 359 423 152
788 356 936 409 Luciferi

298 545 417 609 Iudaei.
442 546 517 627 quid
539 546 635 627 igitur
657 546 747 608 nobis
768 546 874 625 posset
897 543 1052 612 accidere.
1077 543 1103 605 si
1128 541 1276 623 uipereis
1292 540 1365 603 tuis
1390 540 1444 602 de-

296 650 379 731 pasti
415 651 584 713 fuissemus
616 647 772 714 consiliis.
807 647 866 711 nisi
900 648 935 709 ut
970 665 1007 709 ex
1035 644 1227 711 Christianis
1265 642 1443 707 fuissemus

301 754 448 834 uipereae
469 753 635 834 progenies
658 752 783 815 effecti?
805 771 861 815 cur
883 752 961 815 haec
984 750 1053 815 fieri
1074 750 1252 825 mandasti,
1280 748 1348 811 nisi
1374 747 1443 828 quia

298 860 520 939 conserpentes
541 876 598 919 nos
611 858 684 919 tuos
700 855 785 919 effici
799 856 978 937 eupiueris?
999 856 1035 917 tu
1051 854 1195 936 quicum
1213 852 1307 917 scias
1326 850 1442 913 dixisse

298 961 458 1025 dominum
479 962 511 1023 in
535 960 716 1042 euangelio:
738 960 821 1023 beuti
843 962 899 1041 qui
914 960 1062 1023 esuriunt
1082 962 1112 1023 ct
1126 960 1248 1021 sitiunt
1265 957 1441 1022 iustitium.
1461 969 1469 1004 ὅ

300 1067 378 1147 quio
400 1066 466 1146 ipsi
487 1062 729 1127 saturabuntur.
752 1062 835 1127 beuti
857 1062 1084 1140 misericordes,
1113 1063 1194 1143 quia
1218 1061 1289 1140 ipsi
1315 1059 1441 1123 miseri-

300 1168 441 1232 cordium
462 1170 698 1248 consequentur,
724 1168 757 1228 et
770 1168 876 1229 tamen
894 1166 1008 1230 dixeris
1024 1166 1202 1229 necandum
1219 1164 1440 1227 innocentem.

299 1272 455 1353 quomodo
469 1272 585 1335 etenim
597 1272 710 1335 beatus
721 1271 829 1352 potero
844 1289 922 1335 esse.
936 1271 963 1333 si
976 1269 1168 1333 damnauero
1181 1269 1298 1333 uirum
1310 1267 1441 1329 iustum.

301 1375 328 1437 si
349 1375 483 1438 reiciens
506 1376 593 1438 sitim
614 1373 754 1437 iustitiae
777 1392 949 1453 concepero
965 1373 1110 1437 ardorem
1125 1372 1339 1437 iniustitiae?
1366 1390 1441 1453 quo·

297 1477 392 1542 modo
414 1480 540 1559 propter
562 1478 683 1540 fructus
704 1476 845 1540 institiae
868 1477 1033 1540 saturabor
1056 1476 1161 1553 adeo,
1185 1495 1263 1539 cnm
1284 1495 1372 1557 opus
1389 1478 1467 1539 horr

297 1580 448 1644 iniustum
472 1581 568 1644 faciat
589 1600 639 1643 me
662 1580 739 1645 Cain
762 1579 979 1643 fratricidam?
1002 1579 1159 1661 quomodo
1182 1581 1310 1643 iterum
1335 1581 1442 1661 potero

298 1684 380 1747 inter
401 1684 621 1747 misericordes
644 1683 797 1747 trictibus
819 1684 1054 1748 misericordiae
1070 1682 1281 1765 locupletatis
1308 1701 1441 1765 regnum

300 1788 448 1868 consequi
471 1788 630 1851 caeleste?
653 1806 735 1863 cum,
759 1788 786 1849 si
809 1787 995 1851 interfecero
1017 1786 1105 1849 iuxta
1129 1787 1299 1851 desideria
1317 1788 1381 1849 tua
1397 1786 1441 1848 dei

299 1908 436 1954 seruum.
458 1891 600 1954 inueniar
622 1910 682 1954 non
697 1891 886 1965 misericors,
903 1891 959 1953 sed
974 1889 1113 1953 crudelis
1130 1891 1226 1971 atque
1244 1890 1440 1956 sceleratus.

300 1994 414 2075 quippe
441 1993 615 2065 homicida;
639 2012 721 2059 cum.
757 1993 839 2057 sicut
869 2010 927 2075 ego
956 1993 1167 2057 inmisericors
1196 1993 1322 2056 merim
1360 1994 1466 2056 circat

298 2097 427 2159 fratrem
450 2116 565 2176 meum,
589 2098 634 2160 sic
658 2097 700 2159 sit
723 2098 755 2159 et
777 2096 862 2160 circa
884 2116 934 2159 me
958 2096 1081 2159 fontinus
1111 2096 1166 2159 ille
1190 2096 1439 2160 misericordiae

303 2203 434 2277 amator,
457 2201 511 2263 ille
533 2201 674 2263 iustitiae
697 2201 825 2263 exactor
847 2201 899 2282 qui
924 2200 1016 2263 dicit:
1044 2201 1128 2264 beati
1150 2202 1207 2280 qui
1230 2202 1440 2264 esuriuutet

299 2304 414 2367 sitiunt
435 2305 605 2379 iustitiam,
628 2303 706 2384 quie
727 2304 791 2382 ipsi
814 2303 1057 2367 saturabuntur.
1087 2304 1171 2366 beuti
1195 2305 1435 2369 misericordes.

297 2407 375 2487 quie
397 2408 461 2487 ipsi
483 2406 739 2469 misericordium
756 2411 992 2485 consequentur.
1015 2408 1212 2486 quicumque,
1230 2405 1318 2468 dicit
1336 2406 1435 2470 domi-

298 2530 366 2586 nus,
390 2512 521 2574 soluerit
541 2530 644 2573 uuum
665 2529 704 2570 ex
725 2509 891 2572 mundetis
919 2509 969 2572 his
991 2511 1138 2572 minimis
1167 2515 1196 2572 et
1217 2510 1375 2574 docuerit
1397 2511 1461 2573 sice

297 2615 444 2697 honines,
468 2613 622 2676 minimus
635 2612 801 2676 emautur
822 2614 859 2675 iu
875 2633 970 2694 repro
986 2612 1166 2690 coetorum·
1189 2612 1222 2675 et
1241 2613 1338 2690 dicis,
1358 2613 1433 2678 Con-

301 2717 406 2783 stanti.
441 2724 478 2780 ut
505 2716 692 2796 quicumque
721 2734 780 2778 non
811 2715 928 2778 fuderit
951 2715 1134 2796 sanguinem
1158 2716 1353 2790 innocentis,
1380 2735 1434 2778 non

298 2821 404 2900 potest
424 2838 556 2900 regnum
578 2819 728 2900 consequi
749 2820 931 2882 caelorum?
976 2819 1036 2885 dic.
1070 2818 1283 2884 sanctissime.
1319 2819 1351 2882 in
1378 2839 1433 2901 quo

301 2923 461 2987 abundare
484 2925 599 3004 poterit
621 2924 870 2988 Christianorum
893 2923 1015 2986 iustitia
1037 2922 1108 3003 plus
1132 2941 1227 3002 quam
1253 2923 1431 2986 scribarum

299 3027 331 3089 et
352 3027 601 3095 Pharisaeorum.
633 3028 661 3091 si
677 3047 758 3104 eum,
784 3046 876 3108 quern
891 3027 936 3102 tn,
960 3045 1017 3089 cur
1039 3045 1073 3090 se
1093 3026 1311 3090 Christianum
1339 3025 1458 3091 dicat.25

296 3148 353 3193 our
374 3131 453 3193 nolit
481 3131 550 3193 fieri
572 3133 732 3206 Annianus,
760 3131 969 3213 persequeris,
992 3129 1269 3193 interfecerimus?
1316 3129 1350 3191 in
1374 3145 1430 3208 quo

306 3251 447 3297 essemus
461 3234 598 3315 potiores
614 3254 633 3297 a
649 3234 761 3298 scribis
778 3235 809 3295 et
825 3233 1013 3297 Pharisaeis.
1031 3233 1057 3295 si
1074 3232 1309 3296 exstitissemus
1326 3233 1428 3295 tecum

300 3337 466 3416 negatores
489 3337 573 3398 ionici
596 3337 648 3399 dei
670 3337 738 3412 iiiii,
762 3336 799 3412 si,
822 3335 859 3398 ut
879 3335 926 3398 iili
949 3334 1125 3416 repudiant,
1148 3335 1257 3398 tecum
1279 3335 1429 3416 repudia-

298 3454 407 3501 remus
423 3438 639 3519 euangelicam
655 3437 752 3502 fidem
766 3438 1090 3518 destruxissemusque
1103 3437 1312 3518 apostolicam
1329 3437 1427 3500 trudi-

398 3677 414 3727 5
432 3676 527 3730 Matth.
546 3678 571 3740 5,
592 3678 617 3731 6.
635 3679 650 3729 7
721 3679 754 3731 19
772 3678 808 3732 ib.
828 3679 851 3745 5,
871 3679 903 3731 19

346 3881 363 3932 3
381 3883 502 3950 uipereac
524 3885 549 3937 V
563 3901 597 3936 m.
615 3889 640 3951 1,
658 3884 765 3950 uiperae
787 3885 813 3936 V
828 3901 860 3936 ru.
879 3901 932 3938 uec.
951 3890 976 3936 et
997 3901 1010 3936 c·
1081 3884 1095 3934 7
1115 3883 1150 3950 et]
1170 3885 1200 3935 tu
1219 3885 1291 3936 corni.
1314 3883 1424 3936 Gallen-

298 3968 363 4021 dius
433 3968 466 4020 12
478 3969 652 4022 misericordis
721 3969 896 4036 locupletatos
909 3971 979 4023 corni.
996 3969 1168 4023 Guliuudius
1242 3968 1275 4020 13
1288 3967 1424 4020 caelestem

297 4072 329 4106 uc
349 4061 364 4106 1
437 4056 469 4106 15
488 4056 555 4108 sicut
573 4058 684 4124 scripsi,
703 4056 726 4107 si
744 4072 802 4108 cum
821 4059 856 4110 i'u
877 4058 962 4124 (quod
974 4075 1039 4109 rorum
1051 4071 1105 4123 pro
1119 4057 1141 4108 si
1155 4055 1259 4123 quando
1273 4061 1423 4124 usurpetur

297 4191 405 4258 (lectito)
485 4192 519 4243 25
537 4198 564 4246 et
581 4193 615 4246 26
633 4209 678 4245 cur
697 4175 725 4259 (⁵l
741 4211 774 4246 ur.
795 4197 858 4259 ecc.)
941 4193 973 4246 27
993 4209 1109 4245 ecsernus
1130 4199 1196 4245 ru.1
1280 4195 1421 4262 ascripsi,

298 4294 327 4329 ac
349 4280 379 4345 V,
398 4296 448 4332 oon
470 4297 482 4332 r
552 4280 586 4332 29
605 4279 857 4347 destruxisemusquc
