3050 5000
312 380 374 445 150
802 344 951 433 Luciferi

313 588 420 633 seruos
453 588 509 632 nec
541 569 753 650 blasphemias
785 570 857 632 tuas
890 568 958 631 toto
992 568 1023 631 in
1051 586 1147 649 regno
1178 566 1354 630 seminans
1383 564 1454 627 tuo?

313 672 520 736 exterminare
537 671 653 735 etenim
667 673 700 735 te
715 670 822 753 popuii
846 670 897 735 dei
912 688 1063 753 pascuam
1080 670 1232 733 conatum
1249 686 1320 732 non
1340 666 1453 749 poterii

313 774 458 852 dubitari,
483 774 607 855 quando
631 774 698 838 eius
720 774 863 856 pastores
885 774 1006 849 tuleris,
1032 774 1070 837 de
1094 773 1221 854 quibus,
1248 770 1345 835 sicut
1363 789 1451 851 saepe

314 876 459 954 diximus,
482 896 538 959 per
559 876 754 940 Hieremiam
779 876 892 941 bresit
915 876 1009 940 deus:
1033 876 1163 940 ei‘dcbo
1185 876 1284 939 uobis
1302 878 1452 955 pastores

313 980 483 1045 secondom
505 1001 559 1045 cor
580 1000 693 1061 meam,
717 984 747 1043 ci
764 984 896 1061 poscent
918 999 975 1043 cos
985 982 1148 1059 poscentes
1164 998 1238 1042 cam
1255 977 1476 1057 disciplinas

315 1083 346 1146 et
376 1083 524 1147 statueris
557 1081 749 1158 haereticos,
789 1082 859 1147 aliis
889 1100 964 1147 uero
996 1081 1159 1146 catholicis
1189 1081 1308 1163 inponi
1342 1079 1451 1143 feceris

314 1185 452 1263 modum,
476 1186 521 1261 ut,
546 1186 572 1249 si
586 1186 617 1248 in
638 1185 720 1249 uotis
735 1184 881 1267 gererent
901 1185 934 1248 in
953 1184 1017 1249 suis
1034 1184 1196 1248 considere
1214 1183 1373 1259 sedibus,
1398 1201 1451 1245 non

314 1288 465 1352 auderent
490 1288 587 1352 fidem
618 1287 801 1370 praedicare
836 1287 1056 1369 apostolicam,
1091 1306 1150 1351 non
1185 1286 1399 1368 temptarent
1424 1288 1451 1349 te

311 1390 452 1455 haeresis
474 1390 625 1455 Arrianae
648 1389 811 1453 defensore
842 1388 968 1471 degenti
997 1390 1028 1453 iu
1060 1408 1188 1471 corpore
1221 1390 1451 1471 euangelicam

310 1494 512 1559 traditionem
534 1492 658 1576 populis
678 1493 847 1557 insinuare.
884 1494 961 1556 haec
986 1494 1034 1557 est
1056 1512 1153 1557 causa
1176 1512 1259 1574 quae
1284 1493 1323 1556 te
1340 1494 1451 1574 probat
1461 1526 1474 1561 „

310 1616 461 1680 pascuam
475 1597 525 1659 dei
541 1596 646 1677 populi
661 1596 867 1660 exterminare
878 1596 1060 1677 temptasse.
1085 1596 1184 1659 omnis
1198 1596 1329 1659 etenim
1343 1596 1451 1677 sagina

313 1700 485 1764 animarum
508 1700 756 1764 Christianarum
786 1718 844 1764 non
874 1702 922 1764 est
949 1700 1009 1765 nisi
1038 1699 1182 1774 credere,
1219 1699 1396 1780 quomodo
1426 1700 1450 1761 et

311 1801 501 1867 crediderint
515 1802 712 1884 patriarchae
734 1805 904 1885 prophetae
930 1803 1063 1886 apostoli
1081 1822 1115 1866 ac
1132 1803 1306 1885 martyres,
1336 1802 1448 1865 deinde

313 1924 436 1969 omnem
458 1905 562 1969 iacere
584 1906 747 1970 iustitiam.
785 1908 820 1969 tu
844 1908 953 1971 contra
969 1924 1040 1970 cum
1057 1906 1089 1969 et
1103 1905 1199 1969 fidem
1213 1906 1341 1971 tollere
1358 1906 1448 1969 uoln-

313 2010 373 2073 eris
398 2009 436 2073 de
459 2009 607 2074 cordibus
629 2011 815 2092 populorum
845 2009 895 2073 dei
925 2012 957 2074 et
984 2009 1149 2091 perfidiam
1176 2010 1268 2073 tuam
1294 2010 1471 2083 insererer

309 2131 382 2177 cum
409 2112 530 2177 iustitia
554 2114 623 2198 <in>
649 2114 700 2178 dei
728 2113 777 2178 uis
807 2114 943 2178 ecclesia
971 2114 1048 2192 fieri,
1079 2115 1114 2175 ut
1147 2113 1261 2177 absens
1296 2113 1334 2176 et
1357 2114 1446 2176 inno-

310 2234 384 2281 cens
412 2216 577 2279 damnetur
607 2216 639 2279 et
664 2216 720 2301 <a>
744 2216 886 2280 iustitiae
917 2215 1140 2290 sectatoribus,
1169 2232 1224 2296 per
1256 2215 1446 2279 sacerdotes

308 2321 455 2401 puniatur
489 2320 697 2384 consacerdos
733 2338 840 2384 eorum
874 2320 1048 2385 catholicus
1090 2320 1128 2383 ad
1162 2320 1252 2381 tuam
1289 2318 1444 2382 haeretici

310 2424 554 2506 suggestionem,
579 2421 733 2506 quomodo
757 2422 858 2487 uideri
886 2424 1003 2505 poteris
1032 2442 1091 2487 non
1122 2441 1191 2486 esse
1215 2420 1443 2485 exterminator

309 2545 446 2607 pascuae
471 2527 619 2591 dominici
641 2527 756 2608 gregis,
789 2526 912 2608 quando
943 2528 1049 2591 nostra
1078 2545 1197 2608 pascua
1225 2545 1289 2590 non
1318 2527 1364 2590 sit
1388 2526 1467 2588 nisis

310 2630 458 2694 caelestis
481 2630 644 2694 doctrina?
688 2631 717 2693 si
738 2631 800 2707 ais,
822 2629 924 2711 inquit
947 2629 1100 2708 dominus,
1125 2630 1167 2693 od
1188 2630 1297 2693 citam
1322 2630 1439 2708 aeni-re,

311 2750 409 2794 seruc
429 2733 596 2815 mandato,
621 2733 798 2797 etiterum:
822 2733 850 2796 si
864 2733 1003 2814 feceritis
1018 2753 1097 2813 quoe
1112 2733 1230 2796 mondo
1246 2732 1351 2809 uobis,
1378 2733 1440 2795 inm

310 2854 374 2897 noa
396 2834 464 2898 dico
485 2855 543 2899 cos
565 2855 681 2913 seruos,
706 2837 759 2901 sed
782 2836 908 2902 amieos.
933 2855 1004 2900 cum
1027 2837 1105 2900 haec
1128 2837 1174 2899 ita
1190 2835 1262 2913 sint,
1289 2836 1393 2900 debes
1408 2837 1438 2897 tn

311 2936 350 3000 ad
380 2938 412 3001 te
442 2938 639 3019 purgandum
675 2937 749 3002 dare
777 2941 946 3021 praecepta
977 2939 1133 3003 dominica
1169 2957 1250 3020 quae
1285 2938 1438 3002 iusserint

308 3039 507 3103 innocentem
530 3041 720 3105 catholicum
745 3042 926 3124 episcopum
948 3043 980 3106 te
1003 3043 1163 3106 haeretico
1186 3041 1313 3105 interea
1337 3043 1465 3123 impe-a

307 3143 411 3206 ratore
424 3144 593 3207 accusante
607 3143 721 3207 debere
732 3144 867 3208 interfici
883 3144 1189 3209 sconsacerdotibus
1202 3145 1278 3208 suis.
1293 3145 1437 3210 fortassis

309 3245 424 3308 etenim
446 3246 616 3328 temptabis
638 3247 700 3311 isto
722 3247 753 3310 in
777 3247 847 3312 loco
872 3247 975 3312 dicere
992 3268 1051 3312 non
1066 3248 1098 3312 te
1114 3236 1267 3329 pascuam
1287 3247 1436 3312 dominici

309 3348 413 3428 gregis
442 3350 647 3414 exterminare
678 3351 833 3414 conatum.
880 3352 906 3414 si
936 3352 1056 3415 nullum
1085 3350 1203 3415 domini
1230 3353 1435 3433 praeceptum

307 3448 480 3514 illiusmodi
509 3452 602 3533 quale
624 3453 781 3535 prolatum
805 3455 853 3518 est
876 3473 894 3518 a
916 3456 948 3518 te
970 3455 1087 3536 poteris
1109 3454 1257 3536 proferre,
1292 3455 1435 3535 superest

308 3553 345 3614 ut
368 3553 471 3618 cordis
492 3555 540 3617 iili
561 3556 609 3619 tui
632 3556 715 3620 oculi
736 3557 935 3638 blasphemia
957 3557 1079 3620 caecati
1095 3557 1187 3633 Arrii,
1211 3555 1366 3638 patefacti
1382 3576 1462 3637 pern

313 3653 363 3718 dei
387 3657 469 3719 serni
492 3659 571 3721 hanc
595 3658 841 3739 increpationem
863 3659 993 3723 uideant
1023 3659 1126 3722 omnia
1153 3660 1185 3722 te
1215 3657 1332 3722 fecisse
1357 3679 1433 3741 quae

408 3845 424 3895 4
442 3843 514 3898 Hier.
533 3843 557 3906 3,
579 3845 610 3896 15
679 3844 710 3897 21
731 3845 827 3900 Matth.
847 3847 888 3910 19,
909 3846 940 3899 17
1012 3845 1239 3910 2210h.15,14.
1260 3846 1292 3899 15

360 4031 372 4083 l
393 4005 506 4086 seminas
526 4040 545 4101 (¹¹
564 4053 596 4088 ro.
614 4038 678 4102 rec.)
768 4037 784 4089 9
801 4035 922 4089 haereses
940 4053 974 4088 oi.
992 4042 1007 4090 1
1106 4037 1137 4089 16
1155 4037 1259 4090 iustitia
1278 4037 1305 4089 in
1324 4037 1430 4104 scripsi,

306 4116 464 4170 iniustitiam
488 4120 558 4173 coici.
581 4120 761 4189 Gallorrdias,
785 4121 888 4174 institia
910 4123 948 4176 Vo
1051 4123 1099 4190 uis]
1117 4122 1146 4174 in
1164 4123 1231 4174 cdd.
1251 4137 1273 4176 s.
1293 4123 1309 4175 i.
1328 4140 1363 4175 m.
1379 4138 1429 4173 ree.

307 4207 366 4255 eta
465 4205 873 4275 lietascripsi,etV,ao
972 4210 1093 4276 etpero
1193 4207 1365 4262 18atoc.1

305 4285 340 4338 20
359 4287 487 4358 dominice
556 4290 587 4343 21
606 4292 697 4359 inquid
767 4293 800 4345 26
819 4292 993 4347 deberim.1
1063 4293 1095 4346 31
1115 4309 1238 4347 seruoso
