3050 5000
318 366 382 431 116
811 365 960 421 Luciferi

318 553 496 620 homicidae
518 554 577 619 tibi
593 573 630 618 ae
643 555 799 638 sacrilego
814 574 890 620 uera
905 556 1059 634 dicamus,
1082 577 1143 623 non
1158 558 1272 641 utique
1290 558 1465 640 tamquam

320 657 445 740 superbi
478 657 581 740 puniri
612 659 818 736 merebimur,
853 659 910 724 red
942 661 1045 744 magis
1077 662 1228 743 praemiis
1266 659 1465 725 adficiemur

319 761 521 838 caelestibus,
543 780 600 827 cur
620 762 680 827 tibi
702 761 820 827 emanti
842 782 902 828 non
924 764 1166 846 pepercerimus.
1206 766 1374 848 scripturn
1402 765 1463 828 est:

316 863 482 947 flopelhm
508 885 585 946 opero
614 870 643 930 er
664 865 830 930 cumdum
857 867 962 948 utino,
990 868 1118 952 uirpom
1145 872 1255 933 comm
1286 869 1387 952 perte·
1419 869 1463 930 io-

319 968 458 1049 aipieeti.
487 987 545 1034 noa
559 968 727 1052 negatores
744 969 796 1034 dei
811 969 895 1034 unici
910 969 968 1034 filii
983 970 1070 1035 recte
1085 970 1271 1054 insipientes
1288 989 1460 1042 uocamus,
1480 991 1489 1030 s

319 1091 398 1154 quos
428 1071 593 1137 uideamus
621 1073 653 1137 in
681 1073 771 1138 tanto
802 1074 923 1138 uersari
953 1074 1131 1158 sacrilegio.
1176 1093 1250 1139 num
1282 1091 1366 1138 cum
1394 1091 1459 1138 esso

320 1176 472 1258 seriptum
493 1175 598 1252 uideo,
620 1175 707 1259 quod
727 1177 812 1242 aaut
833 1178 926 1242 corus
946 1179 1003 1260 qui
1020 1179 1218 1244 conuertitur
1232 1178 1279 1242 ud
1293 1178 1457 1242 mitum

320 1297 413 1344 auum
433 1284 462 1344 et
483 1279 613 1346 crocu
634 1279 784 1363 officim,
818 1281 868 1346 itu
894 1281 1011 1346 stritus
1038 1301 1099 1346 suo
1119 1279 1250 1346 malitia
1279 1300 1458 1346 comnis

318 1381 364 1447 ad
382 1400 477 1446 som
495 1386 669 1465 peccatum
700 1383 740 1447 de
761 1383 795 1447 te
819 1383 999 1466 specialiter
1028 1383 1149 1448 dietum
1176 1384 1297 1449 indico.
1348 1403 1454 1466 quare,

318 1487 431 1568 inquis.
472 1487 548 1569 quia
575 1485 689 1550 litteris
721 1485 787 1550 tuis
813 1487 926 1552 iurasti
955 1487 1173 1552 Alexandrinis
1204 1487 1284 1551 nihil
1314 1487 1351 1550 te
1381 1487 1481 1550 malin

321 1590 468 1672 deinceps
490 1589 649 1654 iacturum
669 1589 854 1668 Athanasio,
879 1590 911 1655 st
932 1609 1013 1654 nunc
1030 1589 1155 1673 quaeris
1172 1609 1245 1654 eum
1259 1589 1452 1654 interlicere.

321 1693 378 1758 sed
407 1693 527 1776 inquis:
557 1698 655 1775 poter
684 1712 774 1758 meas
800 1694 895 1760 illum
922 1694 1055 1758 miserut
1086 1694 1130 1759 cd
1157 1693 1312 1776 wiburn,
1350 1698 1383 1758 et
1411 1712 1453 1756 me

322 1798 462 1878 oportuit
480 1798 586 1878 patrio
604 1797 668 1862 oret
683 1817 802 1879 parere
823 1798 959 1862 amictis.
997 1815 1086 1879 pone,
1110 1798 1146 1860 ut
1167 1797 1227 1876 uis,
1251 1797 1453 1861 haereticum

321 1919 391 1966 esse
412 1899 635 1974 Athanasium
657 1900 793 1964 sirecte
815 1899 919 1965 inerat
939 1901 1055 1966 missus
1079 1900 1119 1965 ad
1142 1900 1281 1978 erilium,
1306 1918 1368 1964 cru
1386 1918 1452 1964 eum

319 2023 432 2087 passus
453 2022 489 2069 os
510 2005 619 2069 contra
640 2003 740 2086 patris
767 2003 814 2067 tui
836 2004 957 2068 statuta
978 2005 1118 2087 resipere
1140 2003 1336 2087 dignitatem
1361 2023 1477 2086 quamn

321 2109 349 2172 ei
373 2126 407 2172 se
427 2107 539 2172 tulisse
559 2108 635 2171 tuus
658 2107 828 2172 arbitratus
851 2105 953 2171 tuerat
974 2108 1085 2190 pater?
1109 2107 1166 2172 sed
1187 2107 1313 2189 inquis:
1338 2108 1452 2188 fratris

318 2211 382 2278 mei
405 2211 593 2277 coum
612 2212 738 2293 factum
757 2213 807 2276 est
826 2212 1018 2275 interuentu.
1057 2211 1114 2275 aed
1128 2210 1261 2293 potuisti
1284 2228 1451 2274 occurrere

320 2314 485 2381 Constanti
509 2313 634 2378 dicenm
653 2317 749 2395 poter
770 2317 876 2378 meter
897 2333 988 2395 quem
1003 2313 1160 2395 probauit
1173 2313 1377 2379 hamedeum
1392 2313 1451 2378 nisi

320 2437 351 2483 ae
373 2417 552 2495 correxerit,
573 2418 711 2501 recipere
732 2417 771 2481 in
788 2421 900 2501 partes
922 2417 1014 2502 reperi
1034 2419 1097 2482 Μ’
1118 2437 1185 2483 noo
1201 2437 1352 2500 possum.
1400 2416 1451 2481 sed

318 2524 439 2607 inquis:
474 2524 569 2587 bonci
600 2542 641 2587 oe
670 2524 757 2588 ieter
783 2542 839 2587 nos
865 2522 948 2587 tello
976 2522 1111 2604 pilumni
1140 2526 1220 2588 orto.
1267 2540 1350 2603 ergo
1383 2521 1476 2602 quien

322 2628 491 2710 Saporinus
513 2626 681 2690 Persarum
700 2644 758 2689 rex
779 2644 859 2689 nunc
884 2626 993 2690 contra
1014 2626 1047 2690 te
1062 2626 1145 2709 gerit
1158 2625 1327 2708 proelium,
1354 2625 1384 2689 si
1398 2624 1451 2687 tibi

322 2730 452 2796 dixerit:
468 2730 589 2811 suocope
599 2728 767 2812 relipiouer
781 2748 878 2807 mena,
892 2734 922 2795 et
936 2750 988 2794 ero
1004 2734 1104 2795 tecum
1114 2734 1261 2811 penetres,
1277 2728 1313 2791 te
1331 2728 1450 2809 oportet

322 2850 395 2899 eom
418 2833 560 2899 omnibus
584 2833 618 2896 in
639 2832 771 2914 imperio
798 2832 853 2897 bro
882 2832 1116 2898 demorantibus
1145 2832 1248 2897 iacere
1278 2832 1450 2897 transitum

322 2938 363 3003 ad
395 2937 565 3021 religiones
601 2936 812 3001 daemonum?
856 2936 1030 3001 daemoniis
1065 2936 1148 3000 euim
1182 2934 1374 3000 sacrificans
1408 2935 1450 2999 est

322 3041 503 3124 Saporinus.
549 3040 703 3123 conspicis
737 3040 846 3123 itaque
879 3060 939 3106 non
967 3040 1000 3103 te
1034 3039 1137 3123 egisse
1170 3039 1206 3103 ut
1231 3038 1289 3111 ,dei
1324 3057 1475 3109 seruume

322 3143 521 3227 suscipiendo
544 3162 616 3207 enm
639 3142 672 3206 et
692 3142 762 3207 loco
784 3144 962 3208 reuocando
992 3160 1048 3207 suo
1075 3158 1171 3223 puem
1193 3141 1401 3206 meminisses
1422 3140 1448 3203 in

320 3266 451 3312 eausam
472 3246 549 3311 fidei
572 3246 781 3329 deportatum,
810 3244 910 3328 primo
933 3244 1017 3328 quod
1037 3244 1232 3327 inpotentem
1254 3244 1447 3309 iudicaretis
1500 3284 1501 3293 η

322 3351 433 3429 deum,
467 3352 630 3433 tamquam
659 3349 692 3413 te
719 3348 802 3412 tueri
835 3366 895 3413 non
929 3348 1067 3431 potnerit
1098 3347 1240 3413 tuentem
1267 3347 1446 3420 ueritatem,

323 3453 490 3518 haereticis
512 3453 722 3530 resistentem,
746 3451 859 3517 deinde
883 3452 967 3534 quod
987 3451 1090 3535 magis
1111 3450 1171 3517 tibi
1191 3450 1369 3533 propitium
1385 3468 1446 3515 erre

322 3556 461 3621 uolueris
484 3555 688 3622 Constantem
717 3572 812 3637 quam
841 3555 943 3619 deum.
989 3570 1083 3636 quem
1110 3554 1219 3637 utique
1244 3554 1471 3621 Constantemu
1499 3636 1500 3641 ἵ

322 3678 430 3742 regem
458 3659 485 3723 si
511 3644 706 3724 haereticum
734 3658 853 3723 factum
881 3658 1069 3723 memineras
1097 3658 1232 3723 fauendo
1264 3658 1443 3730 Athanasio,

423 3880 441 3933 4
459 3881 536 3935 Pron.
555 3880 597 3943 26,
616 3881 633 3934 3
702 3881 717 3933 'i
735 3880 771 3936 rb.
790 3879 832 3944 26,
853 3880 884 3933 11

372 4120 389 4173 3
407 4070 452 4175 onir
467 4103 496 4188 (ςι
511 4137 546 4174 m.
563 4122 628 4188 ree.)
733 4121 767 4174 14
784 4094 842 4176 edm
866 4124 906 4189 (ω
922 4138 956 4177 m.
972 4122 1038 4189 rec.)
1142 4118 1174 4173 21
1199 4120 1345 4190 soporinus
1367 4138 1384 4176 o

321 4221 356 4276 22
374 4196 502 4293 religioni
520 4227 538 4293 (¹
554 4226 666 4293 mccc.)
736 4222 922 4293 triangulis
992 4220 1025 4277 25
1044 4222 1179 4293 soporinus
1194 4222 1235 4277 Vc
1304 4223 1395 4293 itaque
1415 4224 1441 4284 V,

321 4310 425 4363 euimo
494 4308 526 4361 27
545 4308 708 4376 causatori.
