3050 5000
424 381 591 435 Moriendum
609 397 665 434 esse
682 397 729 450 pro
748 381 792 435 dei
809 381 873 436 filio.
1151 381 1212 448 307

86 573 272 637 honestari?
295 572 365 654 quis
389 572 437 635 est
460 572 513 653 qui
535 589 679 636 cruorem
694 571 854 654 sanguinis
872 572 921 636 sui
935 591 990 653 pro
1009 573 1134 640 Christo
1150 595 1210 640 non

89 678 132 742 sit
148 675 486 753 13311313331331313,
509 693 582 739 3313
604 676 1099 760 131331331113313131331131313
1116 677 1214 744 133131

88 781 199 858 uitam,
218 780 378 844 aeternam
393 778 533 843 inueniat
547 778 702 860 gloriam?
725 779 855 858 stamus,
872 780 909 843 ut
924 780 1072 859 aduertis,
1096 781 1213 846 uirtute

90 886 142 949 dei
157 884 301 967 protecti,
324 883 501 966 praeceptis
517 883 673 966 euangelii
695 882 831 962 calciati,
854 883 916 948 1113
938 885 1079 949 inmobili
1101 884 1212 966 gradu,

62 1002 129 1052 ⁵ne
151 987 272 1070 possint
293 1007 348 1069 per
370 987 403 1050 13
426 986 590 1068 praecipiti
612 987 685 1052 labe
699 988 767 1070 rapi
782 987 928 1072 uestigia.
953 989 1072 1054 stamus
1090 991 1213 1054 scutum

88 1091 166 1155 fidei
189 1091 341 1167 tenentes,
364 1090 401 1152 ut
422 1090 454 1153 in
475 1090 577 1154 totum
600 1109 660 1154 non
682 1091 802 1172 possint
824 1110 879 1173 per
900 1093 1040 1157 1313313
1061 1092 1214 1157 fumantia

89 1196 190 1260 hostis
213 1211 416 1260 concrescere
437 1193 551 1271 iacula,
587 1194 699 1276 quippe
731 1213 812 1276 quae
842 1214 964 1278 semper
993 1197 1025 1260 in
1047 1197 1079 1261 te
1105 1215 1213 1278 reper-

91 1298 259 1363 cutiantur.
304 1297 427 1362 munita
456 1297 528 1360 sunt
556 1297 663 1361 nostra
692 1299 797 1380 capita
819 1299 943 1363 casside
967 1300 1088 1379 salutis,
1113 1301 1160 1367 est
1182 1303 1214 1366 13

92 1421 145 1466 313
167 1403 300 1466 uerbum
324 1400 450 1478 domini,
474 1400 510 1463 ut
531 1400 630 1464 hostis
651 1401 684 1464 in
705 1402 738 1466 te
755 1402 938 1467 3311333133
953 1403 1059 1484 313113
1077 1405 1213 1469 elidatur

47 1515 77 1553 1⁰
91 1505 236 1587 spiritali,
253 1504 410 1569 sternatur
425 1502 603 1592 pariterque
620 1502 797 1585 dissipetur.
824 1523 892 1569 3333
910 1505 1056 1571 31331133
1073 1507 1215 1572 33331331

90 1608 189 1672 fidem
211 1625 305 1690 quam
333 1625 389 1671 nos
419 1605 543 1669 abicere
571 1606 707 1686 cogebas
731 1607 854 1672 3311333
876 1609 1001 1673 3331133
1024 1609 1160 1692 clipeum
1183 1612 1216 1676 31

91 1714 205 1778 1311313
233 1713 266 1777 31
285 1708 546 1791 inpenetrabilem
575 1710 607 1772 et
635 1710 814 1775 3331311331
841 1711 983 1790 loricam,
1013 1731 1107 1794 quem
1129 1715 1216 1778 nulla

94 1816 211 1881 diaboli
232 1814 354 1897 possint
374 1814 440 1877 tela
462 1830 518 1894 per
539 1813 571 1876 13
594 1812 752 1894 perforare
774 1814 883 1880 inlata.
917 1815 1039 1879 1331331
1061 1835 1213 1898 perseue-

91 1920 228 1984 rantiam
251 1936 381 1983 cernens
398 1915 658 1994 Christianorum,
681 1916 914 1998 defendendam
936 1923 990 2001 331,
1011 1918 1125 2001 inquis,
1149 1928 1216 1988 313

50 2027 141 2086 15133
168 2023 258 2088 333331
287 2026 465 2102 susceptam
494 2021 678 2084 Arrc'cacm
706 2020 835 2104 dopma3
871 2021 950 2086 diois
977 2023 1056 2086 talia
1083 2026 1215 2091 honesta

92 2127 256 2191 uoluntate
280 2142 396 2189 errans.
421 2123 519 2188 sentis
545 2124 628 2187 enim
643 2123 721 2187 nihil
736 2142 806 2188 esse
821 2125 852 2188 in
867 2126 961 2190 rebus
977 2128 1121 2194 humenis
1136 2132 1214 2195 reli-

93 2230 186 2312 gione
200 2228 412 2312 praestantius
429 2246 561 2310 eamque
578 2245 702 2292 summa
715 2227 749 2291 ui
761 2229 903 2310 oportere
917 2228 1056 2307 defendi3
1074 2233 1215 2300 defendis

93 2333 211 2416 gladio,
229 2333 262 2397 at
276 2351 332 2397 nos
350 2329 579 2396 defendendam
594 2331 739 2396 nouimus
754 2332 940 2415 religionem
955 2352 1016 2398 non
1032 2337 1214 2416 occidenda

95 2437 152 2501 sed
174 2435 334 2501 moriendo
357 2453 412 2518 pro
436 2433 496 2499 deo
518 2433 728 2517 uniuersaque
749 2435 835 2499 31313
856 2436 934 2501 1333
952 2455 1033 2519 quae
1048 2438 1083 2503 tu
1098 2439 1214 2523 ingeris

50 2551 79 2591 2⁰
95 2540 286 2605 sustinendo.
309 2539 368 2603 tali
382 2557 498 2621 genere
515 2536 718 2603 defendentes
732 2538 916 2621 religionem
933 2558 1012 2621 quae
1027 2542 1084 2606 tua
1100 2545 1215 2609 crude-

93 2644 169 2708 litas
190 2643 305 2726 poterit
326 2643 475 2706 uincere?
499 2641 526 2705 si
549 2641 632 2705 enim
655 2642 788 2723 quilibet
808 2642 945 2707 militum
959 2643 1084 2711 tuorum
1106 2647 1213 2714 13133

94 2746 200 2830 fragili
221 2746 345 2829 imperii
365 2746 414 2809 tui
428 2745 615 2810 3111111311111
629 2745 755 2810 mortali
771 2746 914 2811 mortalis
929 2745 1026 2811 fidem
1042 2752 1217 2815 seruauerit

94 2850 128 2913 in
151 2851 254 2932 aliquo
271 2851 397 2933 egregio
413 2850 561 2928 13313313,
585 2851 617 2913 31
632 2850 791 2933 acceptior
805 2850 842 2915 fit
858 2850 890 2915 et
905 2852 1021 2928 corion
1045 2853 1072 2917 si
1087 2855 1216 2936 perierit

96 2954 179 3035 apud
201 2954 233 3017 te
248 2954 373 3017 inanem
387 2953 555 3030 hominem,
580 2972 735 3019 summam
750 2954 951 3036 consequitur
966 2954 1108 3038 gloriam,
1133 2958 1217 3040 quod

51 3071 80 3111 2⁵
93 3075 151 3139 pro
172 3058 204 3119 te
228 3056 308 3120 duce
331 3075 387 3121 suo
409 3057 510 3121 morte
533 3056 724 3121 occubuerit
749 3056 865 3138 quanto
887 3057 989 3140 magis
1014 3058 1072 3123 deo
1089 3060 1215 3125 aeterno

93 3161 277 3241 imperatori
290 3160 371 3224 fides
387 3161 437 3225 331
452 3161 608 3224 33133313
624 3180 643 3224 3
657 3161 746 3226 nobis
763 3160 830 3226 eins
848 3160 1035 3225 elementiae
1050 3161 1213 3253 militibus.

95 3282 168 3327 cum
191 3264 270 3327 haec
293 3282 349 3327 nos
372 3282 466 3346 agere
490 3264 672 3345 susceptum
695 3265 790 3346 33331
807 3262 945 3328 officium
962 3264 1146 3344 deuotionis,
1169 3267 1215 3344 tu,

96 3366 171 3448 quia
199 3386 313 3431 3333113
342 3368 385 3432 313
415 3368 574 3433 Christum
602 3386 713 3432 331331
732 3368 838 3432 'deum
862 3368 929 3431 ueri
953 3368 1003 3431 dei
1024 3367 1125 3433 filium
1149 3388 1217 3433 esse

95 3488 156 3533 non
173 3469 340 3548 credendo,
358 3472 433 3553 quia
448 3472 491 3535 313
508 3470 691 3553 simpliciter
705 3470 823 3549 infelix,
848 3470 930 3553 quod
947 3471 1092 3535 aeternae
1107 3473 1217 3539 3131113

53 3574 241 3638 acenceres
263 3574 391 3638 minime
415 3575 563 3653 suaseris,
586 3575 733 3639 uolueras
756 3574 866 3639 31333
888 3574 991 3638 redire
1015 3574 1218 3640 3133131313

95 3677 294 3755 caecitatem,
303 3678 340 3740 ut
349 3678 416 3741 tam
428 3696 489 3741 non
502 3678 695 3759 simpliciter,
704 3678 761 3742 sed
775 3676 1004 3744 detestabiliter
1015 3696 1087 3743 oum
1098 3678 1217 3745 lumine

95 3778 276 3844 uideremur
300 3780 443 3845 amisisse
471 3780 679 3862 prudentiam.
724 3800 797 3844 3313
828 3781 860 3844 31
889 3798 962 3845 3331
990 3799 1216 3863 cognoscamus

196 3917 213 3968 2
232 3916 308 3986 (1331.
327 3916 496 3985 app.H130,
517 3918 549 3971 19
618 3917 634 3969 3
653 3916 685 3971 31.
704 3916 782 3987 Cypr.
801 3932 839 3985 ep.
857 3915 959 3981 11334,
978 3917 1010 3970 16
1028 3933 1065 3986 sq.

148 4053 349 4107 linmobilesc
419 4054 697 4123 12inpeenetrebilcm
766 4052 875 4122 13paer
943 4054 975 4107 14
993 4053 1186 4124 1313313313(
1197 4056 1218 4123 f.

93 4141 263 4216 31141120)
334 4141 366 4193 16
383 4140 440 4193 31111
507 4142 539 4195 21
559 4157 589 4195 ac
657 4140 692 4193 24
708 4142 773 4209 aput
841 4140 874 4194 26
892 4140 1045 4195 3133331133
1064 4140 1151 4195 eiuso

96 4233 132 4287 28
148 4208 300 4289 tuleram
376 4236 559 4289 3033131331
577 4236 701 4305 (rarae.)
779 4234 811 4287 31
830 4234 1218 4304 1313]133133111.1ἱα113133,

96 4324 189 4375 tamen
206 4321 272 4388 fort.
341 4321 375 4374 32
391 4319 537 4375 3113131331
555 4320 828 4392 3331331,3113133133
850 4322 889 4376 Vc

1066 4406 1117 4461 20*
