<?xml version="1.0" encoding="UTF-8"?>
<!DOCTYPE html PUBLIC "-//W3C//DTD XHTML 1.0 Transitional//EN"
    "http://www.w3.org/TR/xhtml1/DTD/xhtml1-transitional.dtd">
<html xmlns="http://www.w3.org/1999/xhtml" xml:lang="en" lang="en">
 <head>
  <title>
</title>
<meta http-equiv="Content-Type" content="text/html;charset=utf-8" />
  <meta name='ocr-system' content='tesseract 3.04.00' />
  <meta name='ocr-capabilities' content='ocr_page ocr_carea ocr_par ocr_line ocrx_word'/>
</head>
<body>
  <div class='ocr_page' id='page_1' title='image "./corpusscriptoru03wissgoog_0248.png"; bbox 0 0 3050 5000; ppageno 0'>
   <div class='ocr_carea' id='block_1_1' title="bbox 430 357 1216 425">
    <p class='ocr_par' dir='ltr' id='par_1_1' title="bbox 430 357 1216 425">
     <span class='ocr_line' id='line_1_1' title="bbox 430 357 1216 425; baseline -0.005 -9"><span class='ocrx_word' id='word_1_1' title='bbox 430 362 472 416; x_wconf 75' lang='lat' dir='ltr'><strong><em>ne</em></strong></span> <span class='ocrx_word' id='word_1_2' title='bbox 489 359 581 414; x_wconf 74' lang='lat' dir='ltr'><strong><em>saneto</em></strong></span> <span class='ocrx_word' id='word_1_3' title='bbox 598 357 746 412; x_wconf 67' lang='lat' dir='ltr'><strong><em>nonnoso</em></strong></span> <span class='ocrx_word' id='word_1_4' title='bbox 763 358 831 413; x_wconf 70' lang='lat' dir='ltr'><strong><em>seer</em></strong></span> <span class='ocrx_word' id='word_1_5' title='bbox 847 358 881 413; x_wconf 93' lang='lat'><strong><em>11.</em></strong></span> <span class='ocrx_word' id='word_1_6' title='bbox 1156 359 1216 425; x_wconf 76' lang='lat'><strong><em>199</em></strong></span> 
     </span>
    </p>
   </div>
   <div class='ocr_carea' id='block_1_2' title="bbox 25 547 1216 3840">
    <p class='ocr_par' dir='ltr' id='par_1_2' title="bbox 50 547 1216 2701">
     <span class='ocr_line' id='line_1_2' title="bbox 91 547 1214 631; baseline -0.004 -16"><span class='ocrx_word' id='word_1_7' title='bbox 91 548 182 615; x_wconf 87' lang='lat' dir='ltr'><strong><em>enim</em></strong></span> <span class='ocrx_word' id='word_1_8' title='bbox 202 550 370 631; x_wconf 85' lang='lat' dir='ltr'><strong><em>utrumque</em></strong></span> <span class='ocrx_word' id='word_1_9' title='bbox 397 547 487 626; x_wconf 80' lang='lat' dir='ltr'><strong><em>ineis,</em></strong></span> <span class='ocrx_word' id='word_1_10' title='bbox 517 548 690 628; x_wconf 78' lang='lat' dir='ltr'><strong><em>Constanti,</em></strong></span> <span class='ocrx_word' id='word_1_11' title='bbox 719 548 795 631; x_wconf 86' lang='lat' dir='ltr'><strong><em>quie</em></strong></span> <span class='ocrx_word' id='word_1_12' title='bbox 822 548 854 612; x_wconf 94' lang='lat' dir='ltr'><strong><em>et</em></strong></span> <span class='ocrx_word' id='word_1_13' title='bbox 882 564 990 613; x_wconf 85' lang='lat' dir='ltr'><strong><em>seruos</em></strong></span> <span class='ocrx_word' id='word_1_14' title='bbox 1018 548 1084 612; x_wconf 90' lang='lat' dir='ltr'><strong><em>eius</em></strong></span> <span class='ocrx_word' id='word_1_15' title='bbox 1106 564 1214 629; x_wconf 89' lang='lat' dir='ltr'><strong><em>porse-</em></strong></span> 
     </span>
     <span class='ocr_line' id='line_1_3' title="bbox 90 650 1214 738; baseline -0.004 -18"><span class='ocrx_word' id='word_1_16' title='bbox 90 654 202 738; x_wconf 86' lang='lat' dir='ltr'><strong><em>queris</em></strong></span> <span class='ocrx_word' id='word_1_17' title='bbox 225 654 318 735; x_wconf 85' lang='lat' dir='ltr'><strong><em>etque</em></strong></span> <span class='ocrx_word' id='word_1_18' title='bbox 339 650 491 717; x_wconf 78' lang='lat' dir='ltr'><strong><em>interficis</em></strong></span> <span class='ocrx_word' id='word_1_19' title='bbox 514 653 548 719; x_wconf 91' lang='lat' dir='ltr'><strong><em>et</em></strong></span> <span class='ocrx_word' id='word_1_20' title='bbox 566 652 671 734; x_wconf 89' lang='lat' dir='ltr'><strong><em>ipsum</em></strong></span> <span class='ocrx_word' id='word_1_21' title='bbox 693 650 841 716; x_wconf 89' lang='lat' dir='ltr'><strong><em>deserens</em></strong></span> <span class='ocrx_word' id='word_1_22' title='bbox 862 650 956 717; x_wconf 90' lang='lat' dir='ltr'><strong><em>idolis</em></strong></span> <span class='ocrx_word' id='word_1_23' title='bbox 977 652 1010 716; x_wconf 88' lang='lat' dir='ltr'><strong><em>te</em></strong></span> <span class='ocrx_word' id='word_1_24' title='bbox 1032 650 1214 734; x_wconf 78' lang='lat' dir='ltr'><strong><em>mansipan-</em></strong></span> 
     </span>
     <span class='ocr_line' id='line_1_4' title="bbox 94 754 1216 838; baseline -0.002 -17"><span class='ocrx_word' id='word_1_25' title='bbox 94 758 175 822; x_wconf 89' lang='lat' dir='ltr'><strong><em>dum</em></strong></span> <span class='ocrx_word' id='word_1_26' title='bbox 196 754 364 821; x_wconf 81' lang='lat' dir='ltr'><strong><em>oensuerir.</em></strong></span> <span class='ocrx_word' id='word_1_27' title='bbox 409 774 466 821; x_wconf 86' lang='lat' dir='ltr'><strong><em>our</em></strong></span> <span class='ocrx_word' id='word_1_28' title='bbox 494 755 558 821; x_wconf 83' lang='lat' dir='ltr'><strong><em>istu</em></strong></span> <span class='ocrx_word' id='word_1_29' title='bbox 583 755 677 838; x_wconf 83' lang='lat' dir='ltr'><strong><em>geris,</em></strong></span> <span class='ocrx_word' id='word_1_30' title='bbox 711 754 771 820; x_wconf 89' lang='lat' dir='ltr'><strong><em>nisi</em></strong></span> <span class='ocrx_word' id='word_1_31' title='bbox 800 756 874 838; x_wconf 80' lang='lat' dir='ltr'><strong><em>qrriu</em></strong></span> <span class='ocrx_word' id='word_1_32' title='bbox 901 755 959 820; x_wconf 92' lang='lat' dir='ltr'><strong><em>tibi</em></strong></span> <span class='ocrx_word' id='word_1_33' title='bbox 988 772 1048 821; x_wconf 93' lang='lat' dir='ltr'><strong><em>non</em></strong></span> <span class='ocrx_word' id='word_1_34' title='bbox 1070 754 1216 819; x_wconf 83' lang='lat' dir='ltr'><strong><em>inluxerit</em></strong></span> 
     </span>
     <span class='ocr_line' id='line_1_5' title="bbox 89 857 1215 942; baseline -0.001 -18"><span class='ocrx_word' id='word_1_35' title='bbox 89 860 201 942; x_wconf 84' lang='lat' dir='ltr'><strong><em>gretie</em></strong></span> <span class='ocrx_word' id='word_1_36' title='bbox 221 859 275 923; x_wconf 87' lang='lat' dir='ltr'><strong><em>dei</em></strong></span> <span class='ocrx_word' id='word_1_37' title='bbox 296 859 465 925; x_wconf 75' lang='lat' dir='ltr'><strong><em>saluatoris</em></strong></span> <span class='ocrx_word' id='word_1_38' title='bbox 485 857 606 924; x_wconf 76' lang='lat' dir='ltr'><strong><em>nostri?</em></strong></span> <span class='ocrx_word' id='word_1_39' title='bbox 649 858 676 922; x_wconf 88' lang='lat' dir='ltr'><strong><em>si</em></strong></span> <span class='ocrx_word' id='word_1_40' title='bbox 704 858 788 923; x_wconf 91' lang='lat' dir='ltr'><strong><em>enim</em></strong></span> <span class='ocrx_word' id='word_1_41' title='bbox 814 858 988 936; x_wconf 85' lang='lat' dir='ltr'><strong><em>inluxisset,</em></strong></span> <span class='ocrx_word' id='word_1_42' title='bbox 1018 858 1215 924; x_wconf 74' lang='lat' dir='ltr'>meminisses</span> 
     </span>
     <span class='ocr_line' id='line_1_6' title="bbox 63 960 1216 1045; baseline 0.003 -22"><span class='ocrx_word' id='word_1_43' title='bbox 63 960 233 1045; x_wconf 74' lang='lat' dir='ltr'><strong><em>eapostoli</em></strong></span> <span class='ocrx_word' id='word_1_44' title='bbox 259 961 395 1027; x_wconf 83' lang='lat' dir='ltr'><strong><em>dicentis</em></strong></span> <span class='ocrx_word' id='word_1_45' title='bbox 421 962 676 1045; x_wconf 78' lang='lat' dir='ltr'><strong><em>praeceptorum:</em></strong></span> <span class='ocrx_word' id='word_1_46' title='bbox 703 962 807 1027; x_wconf 76' lang='lat' dir='ltr'><strong><em>uidete</em></strong></span> <span class='ocrx_word' id='word_1_47' title='bbox 827 961 934 1043; x_wconf 70' lang='lat' dir='ltr'><strong><em>doque</em></strong></span> <span class='ocrx_word' id='word_1_48' title='bbox 955 962 1107 1043; x_wconf 79' lang='lat' dir='ltr'><strong><em>qeoooodo</em></strong></span> <span class='ocrx_word' id='word_1_49' title='bbox 1127 965 1216 1027; x_wconf 80' lang='lat' dir='ltr'><strong><em>conte</em></strong></span> 
     </span>
     <span class='ocr_line' id='line_1_7' title="bbox 93 1064 1214 1150; baseline 0.002 -21"><span class='ocrx_word' id='word_1_50' title='bbox 93 1065 271 1150; x_wconf 65' lang='lat' dir='ltr'><strong><em>autumes,</em></strong></span> <span class='ocrx_word' id='word_1_51' title='bbox 293 1085 361 1131; x_wconf 79' lang='lat' dir='ltr'><strong><em>non</em></strong></span> <span class='ocrx_word' id='word_1_52' title='bbox 381 1065 476 1148; x_wconf 68' lang='lat' dir='ltr'><strong><em>penei</em></strong></span> <span class='ocrx_word' id='word_1_53' title='bbox 495 1065 691 1148; x_wconf 65' lang='lat' dir='ltr'><strong><em>insipientes,</em></strong></span> <span class='ocrx_word' id='word_1_54' title='bbox 712 1066 767 1130; x_wconf 84' lang='lat' dir='ltr'><strong><em>sed</em></strong></span> <span class='ocrx_word' id='word_1_55' title='bbox 788 1069 824 1129; x_wconf 80' lang='lat' dir='ltr'><strong><em>ot</em></strong></span> <span class='ocrx_word' id='word_1_56' title='bbox 838 1066 1006 1150; x_wconf 78' lang='lat' dir='ltr'><strong><em>septentes,</em></strong></span> <span class='ocrx_word' id='word_1_57' title='bbox 1029 1064 1214 1131; x_wconf 73' lang='lat' dir='ltr'><strong><em>redimentes</em></strong></span> 
     </span>
     <span class='ocr_line' id='line_1_8' title="bbox 91 1154 1214 1255; baseline 0.001 -22"><span class='ocrx_word' id='word_1_58' title='bbox 91 1174 229 1255; x_wconf 78' lang='lat' dir='ltr'><strong><em>tempere,</em></strong></span> <span class='ocrx_word' id='word_1_59' title='bbox 244 1170 322 1251; x_wconf 70' lang='lat' dir='ltr'><strong><em>qnia</em></strong></span> <span class='ocrx_word' id='word_1_60' title='bbox 334 1169 402 1234; x_wconf 81' lang='lat' dir='ltr'><strong><em>dies</em></strong></span> <span class='ocrx_word' id='word_1_61' title='bbox 414 1169 497 1235; x_wconf 77' lang='lat' dir='ltr'><strong><em>moti</em></strong></span> <span class='ocrx_word' id='word_1_62' title='bbox 509 1172 594 1235; x_wconf 75' lang='lat' dir='ltr'><strong><em>seut</em></strong></span> <span class='ocrx_word' id='word_1_63' title='bbox 614 1172 785 1251; x_wconf 82' lang='lat' dir='ltr'><strong><em>propterea</em></strong></span> <span class='ocrx_word' id='word_1_64' title='bbox 795 1167 893 1233; x_wconf 74' lang='lat' dir='ltr'><strong><em>mtto</em></strong></span> <span class='ocrx_word' id='word_1_65' title='bbox 904 1168 989 1251; x_wconf 65' lang='lat' dir='ltr'><strong><em>effici</em></strong></span> <span class='ocrx_word' id='word_1_66' title='bbox 999 1154 1214 1250; x_wconf 61' lang='lat' dir='ltr'><strong><em>deperdentes,</em></strong></span> 
     </span>
     <span class='ocr_line' id='line_1_9' title="bbox 92 1271 1215 1355; baseline 0.003 -19"><span class='ocrx_word' id='word_1_67' title='bbox 92 1273 151 1337; x_wconf 82' lang='lat' dir='ltr'><strong><em>sed</em></strong></span> <span class='ocrx_word' id='word_1_68' title='bbox 178 1271 390 1355; x_wconf 69' lang='lat' dir='ltr'><strong><em>inteltepeotes</em></strong></span> <span class='ocrx_word' id='word_1_69' title='bbox 417 1291 499 1354; x_wconf 76' lang='lat' dir='ltr'><strong><em>quoe</em></strong></span> <span class='ocrx_word' id='word_1_70' title='bbox 524 1272 568 1337; x_wconf 79' lang='lat' dir='ltr'><strong><em>eit</em></strong></span> <span class='ocrx_word' id='word_1_71' title='bbox 595 1272 745 1337; x_wconf 69' lang='lat' dir='ltr'><strong><em>uoluentes</em></strong></span> <span class='ocrx_word' id='word_1_72' title='bbox 772 1271 903 1337; x_wconf 64' lang='lat' dir='ltr'><strong><em>domim.</em></strong></span> <span class='ocrx_word' id='word_1_73' title='bbox 948 1271 1143 1337; x_wconf 86' lang='lat' dir='ltr'><strong><em>siuoluntes</em></strong></span> <span class='ocrx_word' id='word_1_74' title='bbox 1167 1274 1215 1339; x_wconf 81' lang='lat' dir='ltr'><strong><em>eet</em></strong></span> 
     </span>
     <span class='ocr_line' id='line_1_10' title="bbox 91 1373 1213 1458; baseline 0.002 -19"><span class='ocrx_word' id='word_1_75' title='bbox 91 1376 215 1441; x_wconf 90' lang='lat' dir='ltr'><strong><em>domini</em></strong></span> <span class='ocrx_word' id='word_1_76' title='bbox 229 1374 407 1441; x_wconf 82' lang='lat' dir='ltr'><strong><em>interficere</em></strong></span> <span class='ocrx_word' id='word_1_77' title='bbox 419 1374 629 1453; x_wconf 76' lang='lat' dir='ltr'><strong><em>innocentem,</em></strong></span> <span class='ocrx_word' id='word_1_78' title='bbox 645 1373 861 1457; x_wconf 81' lang='lat' dir='ltr'><strong><em>dereIInquoro</em></strong></span> <span class='ocrx_word' id='word_1_79' title='bbox 876 1374 972 1439; x_wconf 88' lang='lat' dir='ltr'><strong><em>fidem</em></strong></span> <span class='ocrx_word' id='word_1_80' title='bbox 989 1376 1213 1458; x_wconf 73' lang='lat' dir='ltr'><strong><em>euangelicam,</em></strong></span> 
     </span>
     <span class='ocr_line' id='line_1_11' title="bbox 50 1477 1214 1561; baseline 0 -17"><span class='ocrx_word' id='word_1_81' title='bbox 50 1496 78 1535; x_wconf 75' lang='grc' dir='ltr'><strong><em>ιο</em></strong></span> <span class='ocrx_word' id='word_1_82' title='bbox 91 1478 214 1561; x_wconf 82' lang='lat' dir='ltr'><strong><em>poterii</em></strong></span> <span class='ocrx_word' id='word_1_83' title='bbox 233 1497 294 1544; x_wconf 89' lang='lat' dir='ltr'><strong><em>nou</em></strong></span> <span class='ocrx_word' id='word_1_84' title='bbox 316 1479 418 1545; x_wconf 89' lang='lat' dir='ltr'><strong><em>solum</em></strong></span> <span class='ocrx_word' id='word_1_85' title='bbox 439 1479 518 1543; x_wconf 87' lang='lat' dir='ltr'><strong><em>heeo</em></strong></span> <span class='ocrx_word' id='word_1_86' title='bbox 540 1496 622 1560; x_wconf 83' lang='lat' dir='ltr'><strong><em>pure,</em></strong></span> <span class='ocrx_word' id='word_1_87' title='bbox 646 1478 704 1543; x_wconf 88' lang='lat' dir='ltr'><strong><em>sed</em></strong></span> <span class='ocrx_word' id='word_1_88' title='bbox 719 1478 753 1543; x_wconf 91' lang='lat' dir='ltr'><strong><em>et</em></strong></span> <span class='ocrx_word' id='word_1_89' title='bbox 765 1477 869 1543; x_wconf 82' lang='lat' dir='ltr'><strong><em>totum</em></strong></span> <span class='ocrx_word' id='word_1_90' title='bbox 883 1494 996 1561; x_wconf 83' lang='lat' dir='ltr'><strong><em>eorpus</em></strong></span> <span class='ocrx_word' id='word_1_91' title='bbox 1012 1479 1214 1561; x_wconf 81' lang='lat' dir='ltr'><strong><em>epistolarum</em></strong></span> 
     </span>
     <span class='ocr_line' id='line_1_12' title="bbox 91 1580 1214 1665; baseline 0.002 -18"><span class='ocrx_word' id='word_1_92' title='bbox 91 1583 182 1647; x_wconf 84' lang='lat' dir='ltr'><strong><em>boeti</em></strong></span> <span class='ocrx_word' id='word_1_93' title='bbox 205 1582 338 1665; x_wconf 75' lang='lat' dir='ltr'><strong><em>apostoli</em></strong></span> <span class='ocrx_word' id='word_1_94' title='bbox 358 1582 423 1648; x_wconf 88' lang='lat' dir='ltr'><strong><em>tuis</em></strong></span> <span class='ocrx_word' id='word_1_95' title='bbox 444 1582 653 1663; x_wconf 78' lang='lat' dir='ltr'>patrocinium</span> <span class='ocrx_word' id='word_1_96' title='bbox 667 1583 818 1664; x_wconf 77' lang='lat' dir='ltr'><strong><em>praebere</em></strong></span> <span class='ocrx_word' id='word_1_97' title='bbox 832 1580 1143 1664; x_wconf 77' lang='lat' dir='ltr'><strong><em>praescriptionibus3</em></strong></span> <span class='ocrx_word' id='word_1_98' title='bbox 1167 1583 1214 1649; x_wconf 86' lang='lat' dir='ltr'><strong><em>siu</em></strong></span> 
     </span>
     <span class='ocr_line' id='line_1_13' title="bbox 91 1684 1214 1769; baseline 0.002 -20"><span class='ocrx_word' id='word_1_99' title='bbox 91 1685 184 1752; x_wconf 80' lang='lat' dir='ltr'><strong><em>fauet</em></strong></span> <span class='ocrx_word' id='word_1_100' title='bbox 204 1686 500 1769; x_wconf 78' lang='lat' dir='ltr'><strong><em>praescriptionibus</em></strong></span> <span class='ocrx_word' id='word_1_101' title='bbox 521 1686 586 1752; x_wconf 90' lang='lat' dir='ltr'><strong><em>tuis</em></strong></span> <span class='ocrx_word' id='word_1_102' title='bbox 608 1684 694 1750; x_wconf 82' lang='lat' dir='ltr'><strong><em>nulle</em></strong></span> <span class='ocrx_word' id='word_1_103' title='bbox 715 1704 788 1768; x_wconf 84' lang='lat' dir='ltr'><strong><em>puts</em></strong></span> <span class='ocrx_word' id='word_1_104' title='bbox 803 1702 965 1749; x_wconf 80' lang='lat' dir='ltr'><strong><em>soenorum</em></strong></span> <span class='ocrx_word' id='word_1_105' title='bbox 980 1686 1214 1769; x_wconf 82' lang='lat' dir='ltr'><strong><em>seripturarum,</em></strong></span> 
     </span>
     <span class='ocr_line' id='line_1_14' title="bbox 93 1789 1214 1872; baseline 0.001 -19"><span class='ocrx_word' id='word_1_106' title='bbox 93 1790 147 1854; x_wconf 84' lang='lat' dir='ltr'><strong><em>est</em></strong></span> <span class='ocrx_word' id='word_1_107' title='bbox 167 1791 239 1855; x_wconf 90' lang='lat' dir='ltr'><strong><em>luoe</em></strong></span> <span class='ocrx_word' id='word_1_108' title='bbox 261 1790 377 1855; x_wconf 76' lang='lat' dir='ltr'><strong><em>elutius</em></strong></span> <span class='ocrx_word' id='word_1_109' title='bbox 404 1789 607 1855; x_wconf 76' lang='lat' dir='ltr'><strong><em>mendesium</em></strong></span> <span class='ocrx_word' id='word_1_110' title='bbox 628 1790 662 1854; x_wconf 90' lang='lat' dir='ltr'><strong><em>te</em></strong></span> <span class='ocrx_word' id='word_1_111' title='bbox 685 1790 742 1855; x_wconf 87' lang='lat' dir='ltr'><strong><em>sub</em></strong></span> <span class='ocrx_word' id='word_1_112' title='bbox 763 1790 964 1855; x_wconf 82' lang='lat' dir='ltr'><strong><em>tenebrarum</em></strong></span> <span class='ocrx_word' id='word_1_113' title='bbox 987 1790 1101 1871; x_wconf 85' lang='lat' dir='ltr'><strong><em>degere</em></strong></span> <span class='ocrx_word' id='word_1_114' title='bbox 1123 1790 1214 1872; x_wconf 88' lang='lat' dir='ltr'><strong><em>pote·</em></strong></span> 
     </span>
     <span class='ocr_line' id='line_1_15' title="bbox 93 1891 1215 1976; baseline 0.004 -19"><span class='ocrx_word' id='word_1_115' title='bbox 93 1893 196 1968; x_wconf 78' lang='lat' dir='ltr'><strong><em>stete3</em></strong></span> <span class='ocrx_word' id='word_1_116' title='bbox 218 1892 302 1958; x_wconf 85' lang='lat' dir='ltr'><strong><em>unde</em></strong></span> <span class='ocrx_word' id='word_1_117' title='bbox 324 1894 358 1959; x_wconf 89' lang='lat' dir='ltr'><strong><em>ot</em></strong></span> <span class='ocrx_word' id='word_1_118' title='bbox 379 1894 525 1959; x_wconf 83' lang='lat' dir='ltr'><strong><em>effoetum</em></strong></span> <span class='ocrx_word' id='word_1_119' title='bbox 547 1894 598 1973; x_wconf 88' lang='lat' dir='ltr'><strong><em>sit,</em></strong></span> <span class='ocrx_word' id='word_1_120' title='bbox 632 1894 669 1957; x_wconf 86' lang='lat' dir='ltr'><strong><em>ut</em></strong></span> <span class='ocrx_word' id='word_1_121' title='bbox 695 1891 774 1957; x_wconf 87' lang='lat' dir='ltr'><strong><em>nihil</em></strong></span> <span class='ocrx_word' id='word_1_122' title='bbox 802 1892 841 1957; x_wconf 91' lang='lat' dir='ltr'><strong><em>do</em></strong></span> <span class='ocrx_word' id='word_1_123' title='bbox 870 1893 969 1958; x_wconf 82' lang='lat' dir='ltr'><strong><em>eeorIs</em></strong></span> <span class='ocrx_word' id='word_1_124' title='bbox 992 1894 1215 1976; x_wconf 76' lang='lat' dir='ltr'><strong><em>seripturarum</em></strong></span> 
     </span>
     <span class='ocr_line' id='line_1_16' title="bbox 51 1995 1214 2080; baseline 0.003 -20"><span class='ocrx_word' id='word_1_125' title='bbox 51 2011 78 2050; x_wconf 76' lang='lat'><strong><em>¹⁵</em></strong></span> <span class='ocrx_word' id='word_1_126' title='bbox 91 1997 239 2063; x_wconf 80' lang='lat' dir='ltr'><strong><em>hauseris</em></strong></span> <span class='ocrx_word' id='word_1_127' title='bbox 259 1997 407 2077; x_wconf 82' lang='lat' dir='ltr'><strong><em>fontibus,</em></strong></span> <span class='ocrx_word' id='word_1_128' title='bbox 436 1997 521 2080; x_wconf 89' lang='lat' dir='ltr'><strong><em>quod</em></strong></span> <span class='ocrx_word' id='word_1_129' title='bbox 548 1997 581 2061; x_wconf 90' lang='lat' dir='ltr'><strong><em>te</em></strong></span> <span class='ocrx_word' id='word_1_130' title='bbox 609 1995 766 2078; x_wconf 88' lang='lat' dir='ltr'><strong><em>potuisset</em></strong></span> <span class='ocrx_word' id='word_1_131' title='bbox 783 2014 807 2059; x_wconf 85' lang='lat' dir='ltr'><strong><em>e</em></strong></span> <span class='ocrx_word' id='word_1_132' title='bbox 827 1996 924 2061; x_wconf 82' lang='lat' dir='ltr'><strong><em>tentIs</em></strong></span> <span class='ocrx_word' id='word_1_133' title='bbox 945 2015 1107 2062; x_wconf 87' lang='lat' dir='ltr'><strong><em>remouere</em></strong></span> <span class='ocrx_word' id='word_1_134' title='bbox 1129 2000 1214 2080; x_wconf 87' lang='lat' dir='ltr'><strong><em>peri-</em></strong></span> 
     </span>
     <span class='ocr_line' id='line_1_17' title="bbox 92 2100 1215 2185; baseline 0.004 -21"><span class='ocrx_word' id='word_1_135' title='bbox 92 2100 185 2165; x_wconf 87' lang='lat' dir='ltr'><strong><em>ouIIs.</em></strong></span> <span class='ocrx_word' id='word_1_136' title='bbox 209 2100 238 2165; x_wconf 90' lang='lat' dir='ltr'><strong><em>si</em></strong></span> <span class='ocrx_word' id='word_1_137' title='bbox 259 2100 342 2165; x_wconf 92' lang='lat' dir='ltr'><strong><em>enim</em></strong></span> <span class='ocrx_word' id='word_1_138' title='bbox 363 2119 425 2166; x_wconf 92' lang='lat' dir='ltr'><strong><em>non</em></strong></span> <span class='ocrx_word' id='word_1_139' title='bbox 446 2101 480 2166; x_wconf 89' lang='lat' dir='ltr'><strong><em>te</em></strong></span> <span class='ocrx_word' id='word_1_140' title='bbox 501 2100 642 2184; x_wconf 86' lang='lat' dir='ltr'><strong><em>potestus</em></strong></span> <span class='ocrx_word' id='word_1_141' title='bbox 663 2100 865 2165; x_wconf 77' lang='lat' dir='ltr'><strong><em>tenebrarum</em></strong></span> <span class='ocrx_word' id='word_1_142' title='bbox 888 2102 945 2165; x_wconf 85' lang='lat' dir='ltr'><strong><em>sub</em></strong></span> <span class='ocrx_word' id='word_1_143' title='bbox 969 2101 1018 2165; x_wconf 91' lang='lat' dir='ltr'><strong><em>sui</em></strong></span> <span class='ocrx_word' id='word_1_144' title='bbox 1039 2102 1215 2185; x_wconf 73' lang='lat' dir='ltr'><strong><em>redegisset</em></strong></span> 
     </span>
     <span class='ocr_line' id='line_1_18' title="bbox 93 2200 1215 2286; baseline 0.003 -19"><span class='ocrx_word' id='word_1_145' title='bbox 93 2202 223 2282; x_wconf 78' lang='lat' dir='ltr'><strong><em>ditione,</em></strong></span> <span class='ocrx_word' id='word_1_146' title='bbox 250 2203 391 2286; x_wconf 80' lang='lat' dir='ltr'><strong><em>profesto</em></strong></span> <span class='ocrx_word' id='word_1_147' title='bbox 412 2204 565 2269; x_wconf 90' lang='lat' dir='ltr'><strong><em>retineres</em></strong></span> <span class='ocrx_word' id='word_1_148' title='bbox 587 2220 669 2285; x_wconf 84' lang='lat' dir='ltr'><strong><em>queo</em></strong></span> <span class='ocrx_word' id='word_1_149' title='bbox 691 2200 908 2285; x_wconf 83' lang='lat' dir='ltr'><strong><em>Philippenses</em></strong></span> <span class='ocrx_word' id='word_1_150' title='bbox 932 2204 1078 2268; x_wconf 80' lang='lat' dir='ltr'><strong><em>audiunt:</em></strong></span> <span class='ocrx_word' id='word_1_151' title='bbox 1107 2206 1215 2270; x_wconf 77' lang='lat' dir='ltr'><strong><em>coimi-</em></strong></span> 
     </span>
     <span class='ocr_line' id='line_1_19' title="bbox 91 2296 1214 2391; baseline 0.003 -22"><span class='ocrx_word' id='word_1_152' title='bbox 91 2310 212 2371; x_wconf 78' lang='lat' dir='ltr'><strong><em>tetoreo</em></strong></span> <span class='ocrx_word' id='word_1_153' title='bbox 231 2296 293 2371; x_wconf 78' lang='lat' dir='ltr'><strong><em>mei</em></strong></span> <span class='ocrx_word' id='word_1_154' title='bbox 315 2311 418 2388; x_wconf 78' lang='lat' dir='ltr'><strong><em>estote,</em></strong></span> <span class='ocrx_word' id='word_1_155' title='bbox 439 2309 569 2391; x_wconf 74' lang='lat' dir='ltr'><strong><em>fratros,</em></strong></span> <span class='ocrx_word' id='word_1_156' title='bbox 592 2311 624 2371; x_wconf 90' lang='lat' dir='ltr'><strong><em>et</em></strong></span> <span class='ocrx_word' id='word_1_157' title='bbox 643 2306 802 2371; x_wconf 74' lang='lat' dir='ltr'><strong><em>obsentate</em></strong></span> <span class='ocrx_word' id='word_1_158' title='bbox 822 2326 872 2371; x_wconf 82' lang='lat' dir='ltr'><strong><em>eos</em></strong></span> <span class='ocrx_word' id='word_1_159' title='bbox 892 2308 949 2389; x_wconf 79' lang='lat' dir='ltr'><strong><em>qui</em></strong></span> <span class='ocrx_word' id='word_1_160' title='bbox 970 2308 1016 2373; x_wconf 81' lang='lat' dir='ltr'><strong><em>sio</em></strong></span> <span class='ocrx_word' id='word_1_161' title='bbox 1038 2308 1214 2388; x_wconf 81' lang='lat' dir='ltr'><strong><em>ambutant,</em></strong></span> 
     </span>
     <span class='ocr_line' id='line_1_20' title="bbox 91 2406 1215 2495; baseline 0.002 -18"><span class='ocrx_word' id='word_1_162' title='bbox 91 2409 178 2477; x_wconf 70' lang='lat' dir='ltr'><strong><em>stood</em></strong></span> <span class='ocrx_word' id='word_1_163' title='bbox 197 2406 319 2473; x_wconf 71' lang='lat' dir='ltr'><strong><em>habetis</em></strong></span> <span class='ocrx_word' id='word_1_164' title='bbox 338 2409 477 2491; x_wconf 67' lang='lat' dir='ltr'><strong><em>semem</em></strong></span> <span class='ocrx_word' id='word_1_165' title='bbox 503 2414 655 2476; x_wconf 66' lang='lat' dir='ltr'><strong><em>nostram</em></strong></span> <span class='ocrx_word' id='word_1_166' title='bbox 699 2410 795 2475; x_wconf 78' lang='lat' dir='ltr'><strong><em>metti</em></strong></span> <span class='ocrx_word' id='word_1_167' title='bbox 821 2410 906 2475; x_wconf 76' lang='lat' dir='ltr'><strong><em>enim</em></strong></span> <span class='ocrx_word' id='word_1_168' title='bbox 934 2410 1110 2494; x_wconf 77' lang='lat' dir='ltr'><strong><em>ambutant,</em></strong></span> <span class='ocrx_word' id='word_1_169' title='bbox 1138 2432 1215 2495; x_wconf 79' lang='lat' dir='ltr'><strong><em>quos</em></strong></span> 
     </span>
     <span class='ocr_line' id='line_1_21' title="bbox 51 2512 1214 2598; baseline 0.005 -21"><span class='ocrx_word' id='word_1_170' title='bbox 51 2525 79 2565; x_wconf 74' lang='lat'><strong><em>20</em></strong></span> <span class='ocrx_word' id='word_1_171' title='bbox 90 2531 187 2595; x_wconf 79' lang='lat' dir='ltr'><strong><em>saepe</em></strong></span> <span class='ocrx_word' id='word_1_172' title='bbox 206 2512 345 2579; x_wconf 70' lang='lat' dir='ltr'><strong><em>dioebm</em></strong></span> <span class='ocrx_word' id='word_1_173' title='bbox 365 2512 464 2592; x_wconf 79' lang='lat' dir='ltr'><strong><em>notio,</em></strong></span> <span class='ocrx_word' id='word_1_174' title='bbox 485 2533 574 2580; x_wconf 77' lang='lat' dir='ltr'><strong><em>nune</em></strong></span> <span class='ocrx_word' id='word_1_175' title='bbox 587 2518 693 2580; x_wconf 64' lang='lat' dir='ltr'><strong><em>ouem</em></strong></span> <span class='ocrx_word' id='word_1_176' title='bbox 708 2519 738 2579; x_wconf 85' lang='lat' dir='ltr'><strong><em>et</em></strong></span> <span class='ocrx_word' id='word_1_177' title='bbox 748 2515 828 2596; x_wconf 73' lang='lat' dir='ltr'><strong><em>stores</em></strong></span> <span class='ocrx_word' id='word_1_178' title='bbox 845 2515 925 2598; x_wconf 83' lang='lat' dir='ltr'><strong><em>dieo,</em></strong></span> <span class='ocrx_word' id='word_1_179' title='bbox 947 2516 1096 2582; x_wconf 67' lang='lat' dir='ltr'><strong><em>idoneos</em></strong></span> <span class='ocrx_word' id='word_1_180' title='bbox 1110 2519 1214 2583; x_wconf 69' lang='lat' dir='ltr'><strong><em>cronois</em></strong></span> 
     </span>
     <span class='ocr_line' id='line_1_22' title="bbox 95 2617 1213 2701; baseline 0 -16"><span class='ocrx_word' id='word_1_181' title='bbox 95 2617 230 2695; x_wconf 64' lang='lat' dir='ltr'><strong><em>otest,</em></strong></span> <span class='ocrx_word' id='word_1_182' title='bbox 251 2635 388 2700; x_wconf 67' lang='lat' dir='ltr'><strong><em>quonam</em></strong></span> <span class='ocrx_word' id='word_1_183' title='bbox 407 2617 485 2698; x_wconf 72' lang='lat' dir='ltr'><strong><em>finio</em></strong></span> <span class='ocrx_word' id='word_1_184' title='bbox 506 2622 552 2683; x_wconf 85' lang='lat' dir='ltr'><strong><em>eet</em></strong></span> <span class='ocrx_word' id='word_1_185' title='bbox 572 2618 731 2700; x_wconf 75' lang='lat' dir='ltr'><strong><em>interitus,</em></strong></span> <span class='ocrx_word' id='word_1_186' title='bbox 762 2636 898 2701; x_wconf 74' lang='lat' dir='ltr'><strong><em>quorem</em></strong></span> <span class='ocrx_word' id='word_1_187' title='bbox 926 2621 1002 2685; x_wconf 80' lang='lat' dir='ltr'><strong><em>dees</em></strong></span> <span class='ocrx_word' id='word_1_188' title='bbox 1028 2624 1139 2685; x_wconf 81' lang='lat' dir='ltr'><strong><em>uenter</em></strong></span> <span class='ocrx_word' id='word_1_189' title='bbox 1160 2624 1213 2700; x_wconf 80' lang='lat' dir='ltr'><strong><em>est,</em></strong></span> 
     </span>
    </p>

    <p class='ocr_par' dir='ltr' id='par_1_3' title="bbox 25 2720 1213 3840">
     <span class='ocr_line' id='line_1_23' title="bbox 25 2720 1084 2808; baseline 0.006 -27"><span class='ocrx_word' id='word_1_190' title='bbox 25 2771 28 2781; x_wconf 81' lang='grc'><em>.</em></span> <span class='ocrx_word' id='word_1_191' title='bbox 94 2724 127 2784; x_wconf 84' lang='lat' dir='ltr'><strong><em>et</em></strong></span> <span class='ocrx_word' id='word_1_192' title='bbox 145 2720 254 2804; x_wconf 77' lang='lat' dir='ltr'><strong><em>pierio</em></strong></span> <span class='ocrx_word' id='word_1_193' title='bbox 274 2721 312 2785; x_wconf 77' lang='lat' dir='ltr'><strong><em>in</em></strong></span> <span class='ocrx_word' id='word_1_194' title='bbox 333 2722 518 2804; x_wconf 65' lang='lat' dir='ltr'><strong><em>contusione</em></strong></span> <span class='ocrx_word' id='word_1_195' title='bbox 539 2722 692 2804; x_wconf 78' lang='lat' dir='ltr'><strong><em>ipsorum,</em></strong></span> <span class='ocrx_word' id='word_1_196' title='bbox 715 2723 773 2805; x_wconf 72' lang='lat' dir='ltr'><strong><em>pei</em></strong></span> <span class='ocrx_word' id='word_1_197' title='bbox 795 2727 922 2788; x_wconf 76' lang='lat' dir='ltr'><strong><em>terreno</em></strong></span> <span class='ocrx_word' id='word_1_198' title='bbox 941 2725 1084 2808; x_wconf 75' lang='lat' dir='ltr'><strong><em>eupiunt.</em></strong></span> 
     </span>
     <span class='ocr_line' id='line_1_24' title="bbox 136 2825 1213 2910; baseline 0.004 -21"><span class='ocrx_word' id='word_1_199' title='bbox 136 2825 302 2890; x_wconf 83' lang='lat' dir='ltr'>XXVIIII.</span> <span class='ocrx_word' id='word_1_200' title='bbox 324 2825 421 2891; x_wconf 80' lang='lat' dir='ltr'><strong><em>Dices</em></strong></span> <span class='ocrx_word' id='word_1_201' title='bbox 443 2827 546 2909; x_wconf 85' lang='lat' dir='ltr'><strong><em>oupio,</em></strong></span> <span class='ocrx_word' id='word_1_202' title='bbox 573 2826 817 2909; x_wconf 78' lang='lat' dir='ltr'><strong><em>prudentissime</em></strong></span> <span class='ocrx_word' id='word_1_203' title='bbox 839 2827 1018 2910; x_wconf 83' lang='lat' dir='ltr'><strong><em>imperator,</em></strong></span> <span class='ocrx_word' id='word_1_204' title='bbox 1046 2828 1079 2893; x_wconf 89' lang='lat' dir='ltr'><strong><em>iu</em></strong></span> <span class='ocrx_word' id='word_1_205' title='bbox 1102 2827 1213 2910; x_wconf 87' lang='lat' dir='ltr'><strong><em>quibus</em></strong></span> 
     </span>
     <span class='ocr_line' id='line_1_25' title="bbox 94 2927 1213 3014; baseline 0.004 -23"><span class='ocrx_word' id='word_1_206' title='bbox 94 2927 247 2994; x_wconf 86' lang='lat' dir='ltr'><strong><em>debemus</em></strong></span> <span class='ocrx_word' id='word_1_207' title='bbox 269 2928 353 2994; x_wconf 86' lang='lat' dir='ltr'><strong><em>effioi</em></strong></span> <span class='ocrx_word' id='word_1_208' title='bbox 374 2929 589 2994; x_wconf 80' lang='lat' dir='ltr'><strong><em>coimitatores</em></strong></span> <span class='ocrx_word' id='word_1_209' title='bbox 611 2930 755 3013; x_wconf 78' lang='lat' dir='ltr'><strong><em>apostoli,</em></strong></span> <span class='ocrx_word' id='word_1_210' title='bbox 781 2931 859 2996; x_wconf 83' lang='lat' dir='ltr'><strong><em>doce</em></strong></span> <span class='ocrx_word' id='word_1_211' title='bbox 883 2931 1036 3014; x_wconf 76' lang='lat' dir='ltr'><strong><em>apostate,</em></strong></span> <span class='ocrx_word' id='word_1_212' title='bbox 1060 2931 1087 2996; x_wconf 93' lang='lat' dir='ltr'><strong><em>si</em></strong></span> <span class='ocrx_word' id='word_1_213' title='bbox 1108 2931 1213 2996; x_wconf 92' lang='lat' dir='ltr'><strong><em>homi-</em></strong></span> 
     </span>
     <span class='ocr_line' id='line_1_26' title="bbox 51 3032 1212 3117; baseline 0 -19"><span class='ocrx_word' id='word_1_214' title='bbox 51 3048 78 3086; x_wconf 67' lang='lat'><strong><em>25</em></strong></span> <span class='ocrx_word' id='word_1_215' title='bbox 92 3032 168 3098; x_wconf 86' lang='lat' dir='ltr'><strong><em>eido</em></strong></span> <span class='ocrx_word' id='word_1_216' title='bbox 187 3032 249 3098; x_wconf 81' lang='lat' dir='ltr'><strong><em>fuit</em></strong></span> <span class='ocrx_word' id='word_1_217' title='bbox 270 3032 440 3114; x_wconf 84' lang='lat' dir='ltr'><strong><em>spostolus,</em></strong></span> <span class='ocrx_word' id='word_1_218' title='bbox 469 3033 496 3099; x_wconf 90' lang='lat' dir='ltr'><strong><em>si</em></strong></span> <span class='ocrx_word' id='word_1_219' title='bbox 524 3032 736 3116; x_wconf 71' lang='lat' dir='ltr'><strong><em>blasphemus,</em></strong></span> <span class='ocrx_word' id='word_1_220' title='bbox 768 3034 795 3100; x_wconf 90' lang='lat' dir='ltr'><strong><em>si</em></strong></span> <span class='ocrx_word' id='word_1_221' title='bbox 825 3034 1026 3117; x_wconf 77' lang='lat' dir='ltr'><strong><em>euangelioee</em></strong></span> <span class='ocrx_word' id='word_1_222' title='bbox 1055 3033 1131 3098; x_wconf 89' lang='lat' dir='ltr'><strong><em>fidei</em></strong></span> <span class='ocrx_word' id='word_1_223' title='bbox 1154 3033 1212 3098; x_wconf 89' lang='lat' dir='ltr'><strong><em>do·</em></strong></span> 
     </span>
     <span class='ocr_line' id='line_1_27' title="bbox 90 3135 1212 3220; baseline 0.003 -20"><span class='ocrx_word' id='word_1_224' title='bbox 90 3135 239 3213; x_wconf 79' lang='lat' dir='ltr'><strong><em>structor,</em></strong></span> <span class='ocrx_word' id='word_1_225' title='bbox 262 3135 290 3199; x_wconf 86' lang='lat' dir='ltr'><strong><em>si</em></strong></span> <span class='ocrx_word' id='word_1_226' title='bbox 312 3137 501 3220; x_wconf 79' lang='lat' dir='ltr'><strong><em>seo1ilegus3</em></strong></span> <span class='ocrx_word' id='word_1_227' title='bbox 524 3138 603 3202; x_wconf 83' lang='lat' dir='ltr'><strong><em>heeo</em></strong></span> <span class='ocrx_word' id='word_1_228' title='bbox 618 3137 734 3203; x_wconf 88' lang='lat' dir='ltr'><strong><em>etenim</em></strong></span> <span class='ocrx_word' id='word_1_229' title='bbox 757 3137 862 3203; x_wconf 84' lang='lat' dir='ltr'><strong><em>omnin</em></strong></span> <span class='ocrx_word' id='word_1_230' title='bbox 877 3138 909 3202; x_wconf 90' lang='lat' dir='ltr'><strong><em>ot</em></strong></span> <span class='ocrx_word' id='word_1_231' title='bbox 924 3138 1091 3220; x_wconf 79' lang='lat' dir='ltr'><strong><em>antequem</em></strong></span> <span class='ocrx_word' id='word_1_232' title='bbox 1107 3137 1212 3203; x_wconf 84' lang='lat' dir='ltr'><strong><em>oredi-</em></strong></span> 
     </span>
     <span class='ocr_line' id='line_1_28' title="bbox 91 3237 1213 3324; baseline 0.003 -21"><span class='ocrx_word' id='word_1_233' title='bbox 91 3237 194 3304; x_wconf 85' lang='lat' dir='ltr'><strong><em>dIssot</em></strong></span> <span class='ocrx_word' id='word_1_234' title='bbox 214 3239 247 3303; x_wconf 91' lang='lat' dir='ltr'><strong><em>in</em></strong></span> <span class='ocrx_word' id='word_1_235' title='bbox 268 3238 396 3303; x_wconf 65' lang='lat' dir='ltr'><strong><em>mum</em></strong></span> <span class='ocrx_word' id='word_1_236' title='bbox 419 3239 471 3304; x_wconf 92' lang='lat' dir='ltr'><strong><em>dei</em></strong></span> <span class='ocrx_word' id='word_1_237' title='bbox 492 3239 594 3305; x_wconf 83' lang='lat' dir='ltr'><strong><em>fllium</em></strong></span> <span class='ocrx_word' id='word_1_238' title='bbox 615 3240 729 3305; x_wconf 83' lang='lat' dir='ltr'><strong><em>feoIsse</em></strong></span> <span class='ocrx_word' id='word_1_239' title='bbox 751 3259 787 3306; x_wconf 89' lang='lat' dir='ltr'><strong><em>se</em></strong></span> <span class='ocrx_word' id='word_1_240' title='bbox 808 3240 981 3323; x_wconf 72' lang='lat' dir='ltr'><strong><em>profitetur</em></strong></span> <span class='ocrx_word' id='word_1_241' title='bbox 1004 3240 1039 3304; x_wconf 92' lang='lat' dir='ltr'><strong><em>tu</em></strong></span> <span class='ocrx_word' id='word_1_242' title='bbox 1061 3259 1136 3307; x_wconf 90' lang='lat' dir='ltr'><strong><em>uero</em></strong></span> <span class='ocrx_word' id='word_1_243' title='bbox 1160 3241 1213 3324; x_wconf 90' lang='lat' dir='ltr'><strong><em>qui</em></strong></span> 
     </span>
     <span class='ocr_line' id='line_1_29' title="bbox 90 3340 1213 3426; baseline 0.002 -20"><span class='ocrx_word' id='word_1_244' title='bbox 90 3343 171 3406; x_wconf 81' lang='lat' dir='ltr'><strong><em>hueo</em></strong></span> <span class='ocrx_word' id='word_1_245' title='bbox 200 3340 279 3407; x_wconf 78' lang='lat' dir='ltr'><strong><em>fenis</em></strong></span> <span class='ocrx_word' id='word_1_246' title='bbox 315 3341 409 3407; x_wconf 86' lang='lat' dir='ltr'><strong><em>hodie</em></strong></span> <span class='ocrx_word' id='word_1_247' title='bbox 441 3359 525 3424; x_wconf 85' lang='lat' dir='ltr'><strong><em>queo</em></strong></span> <span class='ocrx_word' id='word_1_248' title='bbox 550 3342 604 3408; x_wconf 84' lang='lat' dir='ltr'><strong><em>ille</em></strong></span> <span class='ocrx_word' id='word_1_249' title='bbox 639 3343 712 3407; x_wconf 86' lang='lat' dir='ltr'><strong><em>unte</em></strong></span> <span class='ocrx_word' id='word_1_250' title='bbox 740 3342 931 3426; x_wconf 82' lang='lat' dir='ltr'><strong><em>uguitiouem</em></strong></span> <span class='ocrx_word' id='word_1_251' title='bbox 959 3343 1043 3408; x_wconf 89' lang='lat' dir='ltr'><strong><em>unioi</em></strong></span> <span class='ocrx_word' id='word_1_252' title='bbox 1077 3344 1129 3408; x_wconf 90' lang='lat' dir='ltr'><strong><em>dei</em></strong></span> <span class='ocrx_word' id='word_1_253' title='bbox 1155 3344 1213 3409; x_wconf 85' lang='lat' dir='ltr'><strong><em>filii</em></strong></span> 
     </span>
     <span class='ocr_line' id='line_1_30' title="bbox 91 3444 1211 3527; baseline 0.004 -19"><span class='ocrx_word' id='word_1_254' title='bbox 91 3444 242 3525; x_wconf 78' lang='lat' dir='ltr'><strong><em>isoiobet,</em></strong></span> <span class='ocrx_word' id='word_1_255' title='bbox 268 3463 335 3527; x_wconf 80' lang='lat' dir='ltr'><strong><em>que</em></strong></span> <span class='ocrx_word' id='word_1_256' title='bbox 364 3444 404 3509; x_wconf 91' lang='lat' dir='ltr'><strong><em>de</em></strong></span> <span class='ocrx_word' id='word_1_257' title='bbox 425 3463 461 3509; x_wconf 89' lang='lat' dir='ltr'><strong><em>ro</em></strong></span> <span class='ocrx_word' id='word_1_258' title='bbox 489 3463 585 3510; x_wconf 83' lang='lat' dir='ltr'><strong><em>susus</em></strong></span> <span class='ocrx_word' id='word_1_259' title='bbox 612 3445 700 3511; x_wconf 82' lang='lat' dir='ltr'><strong><em>fuisti</em></strong></span> <span class='ocrx_word' id='word_1_260' title='bbox 720 3445 830 3512; x_wconf 89' lang='lat' dir='ltr'><strong><em>iubere</em></strong></span> <span class='ocrx_word' id='word_1_261' title='bbox 852 3445 941 3512; x_wconf 87' lang='lat' dir='ltr'><strong><em>nobis</em></strong></span> <span class='ocrx_word' id='word_1_262' title='bbox 964 3445 1080 3511; x_wconf 89' lang='lat' dir='ltr'><strong><em>domini</em></strong></span> <span class='ocrx_word' id='word_1_263' title='bbox 1103 3465 1211 3512; x_wconf 83' lang='lat' dir='ltr'><strong><em>sueor-</em></strong></span> 
     </span>
     <span class='ocr_line' id='line_1_31' title="bbox 51 3546 1211 3628; baseline 0.005 -17"><span class='ocrx_word' id='word_1_264' title='bbox 51 3547 231 3626; x_wconf 73' lang='lat' dir='ltr'><strong><em>odontes,</em></strong></span> <span class='ocrx_word' id='word_1_265' title='bbox 266 3548 300 3612; x_wconf 94' lang='lat' dir='ltr'><strong><em>ut</em></strong></span> <span class='ocrx_word' id='word_1_266' title='bbox 327 3546 525 3612; x_wconf 74' lang='lat' dir='ltr'><strong><em>innocentem</em></strong></span> <span class='ocrx_word' id='word_1_267' title='bbox 551 3546 842 3628; x_wconf 73' lang='lat' dir='ltr'><strong><em>condemnaremus,</em></strong></span> <span class='ocrx_word' id='word_1_268' title='bbox 876 3548 912 3613; x_wconf 91' lang='lat' dir='ltr'><strong><em>ut</em></strong></span> <span class='ocrx_word' id='word_1_269' title='bbox 939 3548 1095 3614; x_wconf 76' lang='lat' dir='ltr'><strong><em>haeresim</em></strong></span> <span class='ocrx_word' id='word_1_270' title='bbox 1122 3551 1211 3617; x_wconf 87' lang='lat' dir='ltr'><strong><em>tuem</em></strong></span> 
     </span>
     <span class='ocr_line' id='line_1_32' title="bbox 91 3649 1211 3735; baseline 0.004 -21"><span class='ocrx_word' id='word_1_271' title='bbox 91 3649 301 3733; x_wconf 80' lang='lat' dir='ltr'><strong><em>suseipIentee</em></strong></span> <span class='ocrx_word' id='word_1_272' title='bbox 331 3650 538 3732; x_wconf 82' lang='lat' dir='ltr'><strong><em>apostolieum</em></strong></span> <span class='ocrx_word' id='word_1_273' title='bbox 564 3649 662 3715; x_wconf 79' lang='lat' dir='ltr'><strong><em>idom</em></strong></span> <span class='ocrx_word' id='word_1_274' title='bbox 684 3651 930 3734; x_wconf 80' lang='lat' dir='ltr'><strong><em>despueremus?</em></strong></span> <span class='ocrx_word' id='word_1_275' title='bbox 971 3652 1007 3717; x_wconf 89' lang='lat' dir='ltr'><strong><em>tu</em></strong></span> <span class='ocrx_word' id='word_1_276' title='bbox 1030 3671 1093 3735; x_wconf 82' lang='lat' dir='ltr'><strong><em>qus</em></strong></span> <span class='ocrx_word' id='word_1_277' title='bbox 1115 3653 1154 3718; x_wconf 91' lang='lat' dir='ltr'><strong><em>do</em></strong></span> <span class='ocrx_word' id='word_1_278' title='bbox 1177 3673 1211 3719; x_wconf 89' lang='lat' dir='ltr'><strong><em>re</em></strong></span> 
     </span>
     <span class='ocr_line' id='line_1_33' title="bbox 91 3752 1210 3840; baseline 0.004 -23"><span class='ocrx_word' id='word_1_279' title='bbox 91 3753 171 3820; x_wconf 79' lang='lat' dir='ltr'><strong><em>haee</em></strong></span> <span class='ocrx_word' id='word_1_280' title='bbox 193 3752 262 3818; x_wconf 86' lang='lat' dir='ltr'><strong><em>fieri</em></strong></span> <span class='ocrx_word' id='word_1_281' title='bbox 283 3753 472 3838; x_wconf 85' lang='lat' dir='ltr'><strong><em>preeoepisti</em></strong></span> <span class='ocrx_word' id='word_1_282' title='bbox 493 3771 576 3836; x_wconf 87' lang='lat' dir='ltr'><strong><em>queo</em></strong></span> <span class='ocrx_word' id='word_1_283' title='bbox 596 3753 706 3819; x_wconf 77' lang='lat' dir='ltr'><strong><em>oontm</em></strong></span> <span class='ocrx_word' id='word_1_284' title='bbox 726 3754 859 3820; x_wconf 87' lang='lat' dir='ltr'><strong><em>formem</em></strong></span> <span class='ocrx_word' id='word_1_285' title='bbox 882 3753 1016 3837; x_wconf 78' lang='lat' dir='ltr'><strong><em>apostoli</em></strong></span> <span class='ocrx_word' id='word_1_286' title='bbox 1039 3757 1111 3821; x_wconf 89' lang='lat' dir='ltr'><strong><em>sunt</em></strong></span> <span class='ocrx_word' id='word_1_287' title='bbox 1136 3775 1210 3840; x_wconf 86' lang='lat' dir='ltr'><strong><em>pro-</em></strong></span> 
     </span>
    </p>
   </div>
   <div class='ocr_carea' id='block_1_3' title="bbox 196 3971 811 4062">
    <p class='ocr_par' dir='ltr' id='par_1_4' title="bbox 196 3971 811 4062">
     <span class='ocr_line' id='line_1_34' title="bbox 196 3971 811 4062; baseline 0.005 -16"><span class='ocrx_word' id='word_1_288' title='bbox 196 3993 296 4062; x_wconf 79' lang='lat' dir='ltr'><strong><em>sspo.</em></strong></span> <span class='ocrx_word' id='word_1_289' title='bbox 314 3993 341 4059; x_wconf 81' lang='lat' dir='ltr'><strong><em>s,</em></strong></span> <span class='ocrx_word' id='word_1_290' title='bbox 359 3992 459 4047; x_wconf 71' lang='lat'>15-17</span> <span class='ocrx_word' id='word_1_291' title='bbox 486 3971 491 3978; x_wconf 83' lang='lat'>&#39;</span> <span class='ocrx_word' id='word_1_292' title='bbox 530 3993 562 4048; x_wconf 80' lang='lat' dir='ltr'><strong><em>m</em></strong></span> <span class='ocrx_word' id='word_1_293' title='bbox 579 3993 649 4048; x_wconf 75' lang='lat' dir='ltr'><strong><em>em.</em></strong></span> <span class='ocrx_word' id='word_1_294' title='bbox 665 3993 692 4059; x_wconf 86' lang='lat' dir='ltr'><strong><em>e,</em></strong></span> <span class='ocrx_word' id='word_1_295' title='bbox 711 3995 811 4049; x_wconf 78' lang='lat'>17-19</span> 
     </span>
    </p>
   </div>
   <div class='ocr_carea' id='block_1_4' title="bbox 90 4195 1211 4352">
    <p class='ocr_par' dir='ltr' id='par_1_5' title="bbox 90 4195 1211 4352">
     <span class='ocr_line' id='line_1_35' title="bbox 145 4195 1211 4267; baseline 0.003 -17"><span class='ocrx_word' id='word_1_296' title='bbox 145 4195 177 4250; x_wconf 86' lang='lat'><strong><em>11</em></strong></span> <span class='ocrx_word' id='word_1_297' title='bbox 201 4197 243 4251; x_wconf 83' lang='lat' dir='ltr'><strong><em>siu</em></strong></span> <span class='ocrx_word' id='word_1_298' title='bbox 261 4199 313 4266; x_wconf 75' lang='lat' dir='ltr'><strong><em>(oo</em></strong></span> <span class='ocrx_word' id='word_1_299' title='bbox 329 4197 371 4250; x_wconf 85' lang='lat' dir='ltr'><strong><em>eiu</em></strong></span> <span class='ocrx_word' id='word_1_300' title='bbox 387 4196 449 4266; x_wconf 73' lang='lat' dir='ltr'><strong><em>fiet)</em></strong></span> <span class='ocrx_word' id='word_1_301' title='bbox 473 4197 584 4266; x_wconf 80' lang='lat' dir='ltr'><strong><em>scripsi,</em></strong></span> <span class='ocrx_word' id='word_1_302' title='bbox 608 4197 680 4251; x_wconf 83' lang='lat' dir='ltr'><strong><em>sinus</em></strong></span> <span class='ocrx_word' id='word_1_303' title='bbox 701 4199 733 4262; x_wconf 76' lang='lat' dir='ltr'><strong><em>V,</em></strong></span> <span class='ocrx_word' id='word_1_304' title='bbox 756 4199 798 4251; x_wconf 86' lang='lat' dir='ltr'><strong><em>sin</em></strong></span> <span class='ocrx_word' id='word_1_305' title='bbox 819 4199 904 4252; x_wconf 88' lang='lat' dir='ltr'><strong><em>minus</em></strong></span> <span class='ocrx_word' id='word_1_306' title='bbox 928 4216 962 4267; x_wconf 86' lang='lat' dir='ltr'><strong><em>o,·</em></strong></span> <span class='ocrx_word' id='word_1_307' title='bbox 988 4200 1029 4253; x_wconf 80' lang='lat' dir='ltr'><strong><em>rin</em></strong></span> <span class='ocrx_word' id='word_1_308' title='bbox 1050 4199 1136 4254; x_wconf 86' lang='lat' dir='ltr'><strong><em>minus</em></strong></span> <span class='ocrx_word' id='word_1_309' title='bbox 1157 4199 1211 4255; x_wconf 87' lang='lat' dir='ltr'><strong><em>ulle</em></strong></span> 
     </span>
     <span class='ocr_line' id='line_1_36' title="bbox 90 4282 685 4352; baseline 0.005 -16"><span class='ocrx_word' id='word_1_310' title='bbox 90 4282 319 4338; x_wconf 68' lang='lat' dir='ltr'><strong><em>censoresue</em></strong></span> <span class='ocrx_word' id='word_1_311' title='bbox 386 4282 422 4336; x_wconf 77' lang='lat'><strong><em>80</em></strong></span> <span class='ocrx_word' id='word_1_312' title='bbox 438 4282 685 4352; x_wconf 84' lang='lat' dir='ltr'><strong><em>oondempnoromne</em></strong></span> 
     </span>
    </p>
   </div>
   <div class='ocr_carea' id='block_1_5' title="bbox 0 0 1530 5000">
    <p class='ocr_par' dir='ltr' id='par_1_6' title="bbox 0 0 1530 5000">
     <span class='ocr_line' id='line_1_37' title="bbox 0 0 1530 5000; baseline 0 1"><span class='ocrx_word' id='word_1_313' title='bbox 0 0 1530 5000; x_wconf 95' lang='lat' dir='ltr'><strong><em> </em></strong></span> 
     </span>
    </p>
   </div>
  </div>
 </body>
</html>
