3050 5000
303 397 345 450 De
363 412 416 451 non
434 398 566 467 parcendo
584 400 613 452 in
631 399 708 454 deum
726 400 950 472 delinquentibus.
1130 403 1192 469 235

60 606 131 650 sum
161 587 269 652 nidm
297 590 518 654 contritionem
539 596 668 655 sanetae
697 592 858 671 ciuitatis,
891 597 921 657 et
942 588 1089 659 sederunt
1109 594 1187 671 illio,

59 710 131 753 cum
153 690 284 754 daretur
297 693 336 755 in
358 713 458 757 monn
479 693 687 759 inimicorum
708 694 934 777 sanctificatio,
957 698 994 761 in
1011 713 1112 761 manu
1135 716 1188 761 ee-

61 794 226 856 teror'nm?
259 794 292 857 et
312 793 410 859 infra:
433 798 538 860 omnis
559 800 693 861 ornatm
714 798 783 862 eius
805 796 931 863 ablatus
952 804 1007 883 est,
1031 818 1069 863 eu
1091 798 1189 864 libera

59 896 148 975 facta
176 901 220 961 est
248 897 379 963 annila.
418 918 483 964 ecce
504 902 619 963 sancta
639 904 753 965 nostra
774 904 805 964 et
824 903 1009 983 speciositas
1030 907 1142 967 nostra
1163 908 1189 967 et

35 1019 47 1057 5
57 998 165 1079 ylario
187 1004 299 1064 nostra
321 1000 464 1065 desolata
485 1005 539 1081 est,
563 1005 594 1067 et
610 1000 797 1083 polluerunt
819 1022 889 1067 eam
909 1007 1025 1086 nentes.
1053 1005 1188 1085 utquid

58 1103 145 1168 nobis
169 1103 274 1169 adbuc
297 1105 394 1168 uita?
426 1108 455 1168 ct
476 1104 631 1169 conscidit
652 1104 838 1169 Matatbias
859 1111 887 1169 et
909 1107 974 1188 filii
1001 1107 1069 1171 eius
1089 1108 1186 1171 uesti-

59 1210 165 1269 menta
188 1225 259 1286 sna,
283 1212 313 1271 et
327 1211 615 1289 percooperuerunt
635 1226 669 1273 se
691 1209 809 1272 ciliciis
831 1210 996 1273 etinctum
1011 1210 1189 1274 babuerunt

59 1308 163 1373 ualde.
185 1312 216 1373 et
237 1314 393 1374 uenerunt
414 1311 471 1390 qui
492 1314 587 1373 erant
607 1330 629 1374 a
650 1330 718 1393 reae
740 1315 770 1374 et
792 1311 1010 1391 conpellebont
1025 1312 1187 1377 discessio·

58 1431 128 1475 nem
155 1412 193 1475 in
216 1412 347 1477 Modiin
375 1415 538 1478 ciuitatem
565 1417 604 1478 ut
630 1414 862 1495 sacrificarent.
903 1419 932 1477 et
959 1414 1054 1479 multi
1081 1415 1189 1481 Israel

35 1521 254 1589 0aooesserunt
270 1516 313 1579 ad
328 1537 387 1583 eos.
411 1521 441 1581 et
455 1515 642 1581 Matatleias
663 1522 692 1580 et
712 1517 783 1603 unt
801 1518 870 1582 eins
892 1518 1072 1601 conyreyati
1101 1524 1185 1584 sunt.

59 1623 86 1683 et
107 1619 337 1699 responderunt
358 1620 415 1702 qui
437 1640 458 1683 a
479 1640 551 1703 rene
572 1621 664 1684 missi
685 1619 817 1702 fuerant
839 1623 870 1685 et
882 1622 979 1686 aiunt
1004 1621 1189 1687 Matatbiae

58 1722 209 1789 dieentes:
235 1724 391 1805 princeps
413 1728 442 1787 et
463 1723 579 1788 nobilis
601 1727 632 1788 et
651 1743 789 1806 maanus
811 1742 842 1788 es
863 1725 900 1787 in
923 1724 1052 1788 ciuitate
1074 1725 1139 1787 ista
1161 1730 1188 1788 et

60 1828 263 1900 confirmatus
284 1827 365 1909 filiis
387 1831 415 1892 et
437 1827 604 1909 trabibus.
630 1848 716 1892 nnnc
738 1828 849 1893 accede
864 1828 996 1909 primus
1012 1832 1042 1891 et
1055 1828 1108 1910 foc
1125 1830 1187 1891 irn-

55 1929 180 2008 perinm
203 1930 295 2014 renis,
317 1931 400 1995 sieut
420 1930 561 2012 fecerunt
581 1950 687 1995 omnes
707 1936 812 2013 nentes
834 1935 862 1995 et
883 1931 952 1995 uiri
974 1930 1062 1995 Iuda
1084 1932 1189 2013 etqui

35 2031 199 2103 5derelieti
221 2034 356 2097 suntin
378 2034 500 2115 Israel,
533 2039 564 2098 et
585 2034 648 2097 eris
671 2039 705 2098 tu
727 2039 757 2098 et
776 2034 841 2117 dlii
863 2034 913 2098 tui
934 2034 1032 2097 amici
1053 2035 1136 2117 reyis
1158 2039 1186 2101 et

59 2142 94 2199 tn
113 2141 141 2200 ct
162 2135 227 2219 dlii
249 2138 298 2201 tui
318 2137 509 2221 aloriamini
528 2143 661 2222 noyento
683 2143 712 2202 et
726 2159 806 2202 auro
822 2143 851 2203 et
866 2138 1051 2202 munenibus
1065 2138 1185 2204 multis.

60 2239 221 2320 resporedit
250 2239 433 2305 Matutinus
460 2245 489 2305 et
517 2241 603 2307 dixit
628 2262 702 2305 uoee
729 2261 864 2323 manna:
897 2242 927 2304 si
949 2260 1054 2306 omnes
1079 2247 1185 2323 nentes

61 2344 196 2422 quaein
218 2343 309 2407 domo
331 2345 414 2427 renis
436 2345 575 2409 audiunt
597 2364 677 2423 enm,
700 2348 736 2408 nt
757 2344 899 2409 discedat
914 2344 1133 2425 unusquisqne
1148 2344 1188 2407 ab

61 2445 160 2527 officio
180 2451 314 2529 panum
335 2464 477 2529 snorum,
507 2452 538 2514 et
558 2446 716 2532 deoernnt
738 2449 776 2512 in
798 2447 955 2514 mandata
979 2448 1056 2532 eins,
1083 2452 1111 2511 et
1134 2467 1187 2530 eoo

37 2557 88 2616 oet
107 2550 171 2633 ulai?
192 2552 255 2617 mei
276 2552 393 2616 ibimus
414 2553 452 2616 in
473 2556 694 2617 testamentum
711 2557 847 2633 patrum
869 2557 1061 2616 nostrornm.
1085 2553 1186 2617 domi-

61 2675 120 2718 nus
135 2656 300 2737 propitius
321 2656 412 2721 nobis
432 2657 493 2736 sit,
526 2675 594 2720 non
615 2655 866 2736 derelinquemus
889 2654 984 2739 lenem
1010 2659 1040 2720 ct
1069 2655 1187 2736 instili-

63 2760 208 2824 cationes.
230 2759 362 2824 uerbum
383 2761 468 2843 renis
490 2779 555 2824 non
576 2760 752 2844 cuduinus,
776 2779 842 2823 non
864 2757 1095 2824 declinabimus
1113 2757 1186 2840 otti·

61 2861 142 2925 oium
170 2863 395 2927 desernitionis
424 2867 551 2928 nostrae
581 2863 694 2927 deutra
720 2863 772 2927 nel
802 2862 947 2927 sinistra.
985 2865 1023 2924 ut
1050 2861 1186 2926 cessauit

62 2965 146 3046 loqui
167 2985 324 3030 sermones
346 2967 438 3041 istos,
469 2967 601 3030 amessit
620 2967 676 3030 uir
696 2965 840 3030 Iudaeus
862 2965 900 3029 in
922 2965 1023 3030 oculis
1045 2963 1188 3028 omnium

37 3069 240 3151 isacrifieare
263 3071 301 3134 in
324 3069 457 3135 Modiin
485 3071 657 3135 seeundum
680 3074 887 3151 praeceptum
915 3069 1007 3152 renis.
1046 3071 1076 3131 et
1101 3067 1186 3131 uidit

63 3172 241 3238 Matatbias
255 3177 284 3238 ct
297 3172 418 3239 relatus
431 3177 485 3253 est,
508 3177 538 3238 et
551 3178 805 3238 contremuerunt
826 3191 916 3237 renes
939 3173 1007 3236 eius
1032 3176 1061 3236 ot
1077 3169 1192 3234 cludit

63 3274 144 3338 iram
170 3276 344 3342 secundum
372 3276 540 3342 indicium.
581 3282 610 3341 et
632 3276 808 3341 adonium
830 3276 873 3340 ad
900 3294 993 3339 aram
1022 3273 1182 3355 interfecit

63 3398 136 3445 eum.
159 3385 187 3444 et
209 3381 318 3446 ninom
340 3382 425 3464 renis
446 3382 501 3462 qui
523 3381 651 3463 canebat
671 3379 836 3444 immolare
851 3379 967 3444 oceidit
980 3379 1017 3443 in
1031 3376 1088 3442 illo
1105 3380 1181 3440 tem·

58 3503 142 3563 pore,
165 3488 194 3548 et
215 3504 308 3549 aram
328 3484 494 3549 dedrueit.
525 3488 554 3546 et
575 3483 755 3548 aemulatus
776 3486 821 3548 est
841 3483 880 3548 in
902 3481 973 3565 leae,
1003 3481 1087 3545 sicut
1107 3480 1181 3561 feeit

39 3585 175 3652 oFinees
203 3586 362 3654 Iombrim
390 3586 458 3670 tilio
486 3586 606 3652 Salon
644 3590 671 3650 et
696 3585 897 3674 ¹eoolomonit
925 3584 1110 3650 Matalbias
1143 3584 1179 3646 in

160 3790 207 3845 31
224 3791 309 3846 Maoh.
328 3792 355 3855 2,
375 3790 475 3845 11-28

111 3980 323 4034 loontrioionem
391 3979 482 4033 aedae
500 3980 568 4045 sort.
637 3978 849 4033 dianatifioatio
867 3978 918 4031 hlll
937 3981 1019 4046 (corr.
1037 3995 1071 4031 m.
1089 3981 1117 4046 1)

62 4063 236 4131 4specioeitn
321 4066 383 4119 liet
402 4066 435 4119 10
452 4065 579 4118 matthias
666 4064 697 4118 ll
717 4065 791 4118 misai
807 4064 914 4118 fuerant
932 4065 998 4118 add.
1017 4081 1051 4117 m.
1070 4064 1118 4118 alt.

62 4149 185 4203 matthiae
248 4152 280 4205 16
293 4150 471 4219 gloriabimini
482 4152 554 4206 coni.
568 4151 659 4205 Pilius
671 4156 698 4204 et
712 4150 884 4204 Gallandins
949 4149 981 4202 17
992 4148 1118 4202 matthias

62 4249 121 4287 uoce
137 4251 233 4304 magna
250 4241 278 4290 et
295 4237 395 4290 dixito
471 4236 571 4306 laque
640 4235 869 4291 cenomantico
946 4235 1186 4290 21ninobissit

63 4319 106 4385 (ait
121 4324 202 4389 eras.)
272 4322 305 4375 26
323 4321 451 4376 matthias
519 4322 554 4375 30
571 4319 728 4377 matthatias
