3050 5000
413 345 579 400 htoriendum
597 361 655 401 esse
671 360 718 415 pro
737 345 780 399 dei
797 346 860 401 filio.
962 362 966 371 ·
1139 350 1201 419 289

63 553 208 618 corpora
232 553 312 617 quae
333 533 453 599 laniare
476 534 607 599 sanxisti
629 534 755 616 sepeliri
778 534 944 617 permittis,
968 534 1198 621 eleemosynam

38 638 147 715 ,fieri
173 639 336 720 prohibes,
365 638 471 733 omniu
495 638 629 702 metalla
656 638 824 720 omniaque
849 638 935 716 loca,
971 640 1064 703 exilia
1091 641 1199 707 uocari

62 759 158 823 quae
187 741 377 824 putabantur
406 741 517 824 digna,
551 742 657 806 nostro
685 742 760 805 tuae
789 740 957 807 calliditati
984 744 1198 808 resistentium

61 845 205 927 replesti
220 864 365 920 numero;
380 846 551 928 relegando
566 845 716 923 insontes,
732 844 815 909 tame
832 845 884 909 siti
898 845 1041 910 nuditate
1057 845 1199 911 nexando

32 967 136 1012 enon
161 948 296 1013 desistis.
320 949 369 1013 his
390 948 449 1013 illa
469 949 586 1031 ingeris
608 949 695 1012 mala
717 948 771 1030 qni
788 949 946 1014 aeternam
962 949 1105 1031 cupimus
1121 969 1198 1016 con-

63 1051 167 1134 sequi
187 1052 426 1118 beatitudinem.
461 1052 631 1127 ettamen,
654 1052 824 1133 imperator
846 1050 1073 1127 crudelissime,
1104 1052 1198 1135 qnid-

63 1155 153 1237 quid
175 1156 310 1220 saeuitia
330 1156 387 1220 tua
408 1156 497 1221 nobis
518 1156 626 1220 intulit
654 1156 749 1238 atque
770 1154 953 1238 inrogatura
976 1156 1044 1235 erit,
1069 1157 1198 1222 aduerte

63 1258 161 1340 quod
191 1258 391 1323 mendacium
425 1259 481 1337 sit,
516 1260 672 1341 siquidem
706 1278 763 1324 nec
797 1278 881 1324 mors
915 1260 1032 1325 sanctis
1061 1260 1114 1342 qni
1142 1278 1198 1325 nos
1264 1260 1270 1273 “

61 1363 314 1444 praecesserunt
335 1362 523 1446 martyribus
553 1362 662 1445 perte
689 1362 790 1427 inlata
817 1382 902 1427 mors
931 1362 973 1427 sit
994 1381 1052 1427 nec
1075 1363 1197 1427 iactura

32 1484 175 1547 cneque
199 1466 357 1544 damnum,
387 1466 444 1531 sed
466 1465 541 1531 fidei
563 1465 745 1531 faeneratio.
771 1485 893 1549 semper
916 1465 1085 1531 Christiani
1106 1466 1196 1531 nobis

60 1569 212 1652 tyrannis
233 1569 265 1633 in
287 1569 504 1651 persecutione
526 1587 676 1651 peruersa
698 1570 882 1651 quaestione
904 1569 1095 1650 torquemur.
1134 1588 1195 1651 quo

64 1671 156 1735 enim
178 1689 293 1754 genere
316 1673 465 1736 nocentes
487 1671 642 1755 coguntur
666 1671 707 1736 ad
729 1671 951 1751 confitendum,
981 1690 1017 1737 ec
1040 1690 1096 1737 nos
1119 1690 1197 1738 con-

61 1774 217 1855 pellimnr
245 1774 340 1840 modo
370 1775 411 1839 ad
439 1775 600 1841 Christum
628 1775 755 1840 unicum
784 1776 984 1840 uerissimum
1013 1775 1114 1840 filium
1144 1774 1196 1840 dei

62 1877 259 1959 negandum.
284 1878 341 1943 sed
362 1879 398 1941 nt
419 1878 466 1942 illi
481 1897 536 1960 pro
551 1878 673 1943 meritis
695 1878 830 1943 confessi
847 1878 1044 1958 damnantur,
1069 1880 1112 1944 sic
1128 1900 1194 1958 nos,

35 1981 149 2061 equia-
169 1981 220 2045 dei
240 1981 341 2045 filium
364 2000 423 2046 non
445 2000 607 2064 negamus,
638 2000 823 2047 coronamur
851 1982 963 2063 quibus
992 1983 1125 2048 uictoria
1148 1984 1197 2049 est

63 2100 84 2145 a
109 2083 145 2146 te
167 2082 267 2147 inlata
289 2084 467 2158 damnati03
499 2083 669 2148 auferimur
692 2084 765 2148 ate
788 2084 931 2149 emedio
955 2086 1067 2168 quibus
1089 2104 1196 2151 ceram

61 2204 131 2249 non
154 2185 273 2250 audeas
295 2186 522 2269 blasphemare.
545 2186 753 2269 prosternitur
777 2187 892 2251 etenim
906 2206 969 2251 nna
984 2206 1062 2253 uoce
1079 2189 1196 2254 Christi

60 2288 182 2353 militis
202 2289 255 2353 ille
279 2291 332 2372 qni
355 2290 465 2354 contra
491 2290 631 2355 noemam
653 2290 882 2356 confessionem
904 2290 1086 2373 religiosam
1106 2292 1138 2355 in
1159 2291 1193 2355 te
1243 2330 1246 2337 ·

61 2410 200 2456 manens
221 2392 369 2475 loquitur,
392 2394 445 2457 ille
469 2394 521 2475 qui
537 2396 640 2476 perte
663 2395 805 2458 nostrum
828 2393 896 2458 sitit
918 2394 1110 2477 sanguinem,
1138 2393 1193 2459 ille

32 2495 123 2577 oqui
145 2496 234 2561 tuam
257 2496 380 2562 obsedit
401 2498 556 2573 mentem3
573 2498 789 2563 contremiscit
803 2499 1013 2580 praesentiam
1036 2498 1191 2563 cultorum

65 2597 121 2663 dei
145 2600 239 2682 atque
266 2600 348 2665 ferre
370 2620 430 2666 non
452 2600 549 2678 ualet,
578 2620 651 2665 cum
680 2601 883 2665 dissentimus
913 2620 932 2664 a
958 2601 990 2664 te
1020 2600 1074 2682 qui
1102 2599 1190 2664 dicas

63 2706 134 2768 esse
149 2724 187 2768 err
201 2703 305 2769 sibilo
318 2705 424 2786 filium
438 2705 499 2781 dei,
516 2704 710 2769 cumcontra
722 2703 1037 2768 stamusminastuas
1051 2722 1194 2768 omnem·-

65 2825 129 2888 que
152 2806 373 2871 crudelitatem
402 2807 600 2872 carnificinae
628 2807 703 2871 tuae
732 2807 873 2889 potentia
903 2807 969 2871 eins
990 2806 1093 2872 innati
1119 2824 1194 2888 pro-

62 2908 208 2991 tectique
231 2911 401 2974 calcamus.
426 2911 574 2994 castigari
596 2911 629 2974 te
651 2911 792 2993 profecto
817 2909 913 2976 sentis
938 2910 1004 2974 eius
1028 2927 1190 2974 seruorum

33 3035 51 3074 a
64 3012 246 3077 constantia
268 3014 362 3096 atque
383 3014 552 3079 tolerantia
573 3013 626 3096 qui
650 3012 740 3077 dicit:
763 3014 862 3078 aalide
884 3017 1018 3077 meterem
1044 3031 1116 3075 eum
1137 3011 1193 3092 qui

62 3120 168 3195 potest
187 3117 324 3182 mordere
346 3136 478 3198 eorpe35
509 3118 613 3200 mepte
635 3121 742 3181 erstem
770 3117 896 3181 mebsite
918 3136 989 3181 erem
1017 3115 1192 3197 coeperest

65 3223 94 3282 et
116 3238 231 3299 corpas
252 3223 283 3284 et
303 3220 448 3283 animam
464 3219 597 3301 perdere
618 3221 656 3284 irc
675 3219 863 3304 petrensem.
885 3217 976 3282 Pauli
1000 3216 1095 3282 etiam
1109 3217 1190 3282 bea-

65 3319 185 3386 tissimi
212 3320 279 3385 eius
308 3321 441 3402 apostoli
468 3321 508 3384 ad
535 3322 568 3384 te
596 3321 785 3386 calcandum
817 3321 1019 3406 tyrannorum
1052 3316 1191 3384 omnium

65 3421 234 3505 tyrannum
254 3424 460 3489 hortamentis
489 3425 678 3489 animamur:
714 3445 825 3490 somus
852 3424 916 3508 filii
937 3424 999 3490 dei.
1037 3425 1193 3488 medem

35 3549 54 3586 u
67 3526 133 3607 pilii
156 3528 208 3593 dei
235 3533 266 3593 et
291 3528 417 3594 heredes
450 3529 511 3612 dei,
544 3527 703 3593 coheredes
733 3533 839 3594 cotem
868 3527 999 3608 Christi,
1036 3526 1192 3610 cipridem

68 3631 281 3712 cooperimur,
303 3636 340 3695 st
360 3636 390 3696 et
409 3630 506 3696 emal
519 3630 741 3715 ploripteemar,
767 3630 943 3696 etiterum:
966 3631 1111 3696 existimo
1125 3649 1191 3695 sorr

171 3832 318 3889 aenean.
337 3834 379 3899 10,
398 3833 432 3888 28
501 3834 671 3899 maome,
691 3835 725 3888 16
793 3835 825 3888 31
845 3835 925 3900 ib.8,
945 3835 977 3888 18

121 4019 134 4073 l
155 4021 277 4076 smosisti
362 4023 537 4094 elemosynam
626 4025 643 4077 4
660 4023 814 4094 relingando
890 4026 906 4078 5
925 4026 1012 4095 quite
1031 4025 1124 4080 malim

70 4103 290 4161 derudelissimae
359 4108 392 4161 10
409 4108 484 4164 sedi.
495 4108 515 4164 f.
526 4125 628 4178 semper
638 4109 796 4164 Christiana
814 4109 895 4164 Vobis
908 4113 948 4165 sie
967 4111 1032 4165 dist.
1051 4116 1078 4164 et
1094 4109 1192 4164 scrrbr't

70 4207 87 4242 c
154 4193 183 4247 11
203 4194 516 4263 questionetorquaemnr
584 4195 618 4248 14
633 4195 694 4249 utili
763 4196 796 4248 15
815 4198 872 4249 aest
942 4197 974 4249 19
989 4199 1092 4249 manet:
1109 4194 1191 4265 loqui-

70 4277 113 4328 tur
129 4277 174 4330 ille
192 4280 233 4334 sic
252 4279 405 4350 discreparit
422 4285 448 4334 et
465 4281 564 4335 scrrbit
581 4299 599 4335 o
666 4281 705 4335 2¹2
718 4282 760 4334 in*
782 4282 809 4348 (h
827 4283 912 4349 eras.)

121 4379 202 4437 xlm.
1054 4383 1087 4437 19
