3050 5000
307 364 369 463 16ιῇἶ
754 366 757 371 ’
793 395 947 449 Luciferi·
964 374 966 383 ,

305 585 406 653 nobis:
430 574 594 660 dicebatur
618 586 734 651 etenim
754 586 822 662 tibi,
847 582 921 667 quia
945 583 1058 649 absens
1075 583 1219 648 damnari
1235 602 1300 648 non
1317 583 1442 665 posset.

303 690 352 754 illi
375 690 491 754 etenim
512 688 686 773 presbyteri
708 688 739 753 in
766 689 963 771 praesentem
980 686 1126 752 dixerunt
1141 686 1361 769 allegationes
1377 684 1441 749 cri-

304 792 442 857 minosas
466 793 498 857 et
520 792 619 857 omnis
643 792 855 876 synagogein
878 791 1075 873 praesentem
1104 790 1193 855 dedit
1221 788 1442 860 sententiam

303 897 339 960 tu
372 896 481 960 contra
511 895 551 959 ad
580 894 812 959 accusationem
841 894 1071 959 haereticorum
1099 892 1225 975 quando
1253 892 1442 956 inauditum

306 998 337 1061 et
360 999 522 1063 absentem
545 996 687 1062 damnari
710 997 847 1079 cogebas
871 996 1072 1073 catholicum,
1096 997 1205 1079 utique
1233 998 1304 1060 iam
1335 994 1472 1058 uideris

305 1101 453 1183 coeperat
475 1119 589 1165 scenae
602 1102 677 1164 tuae
693 1100 848 1165 machina,
873 1098 930 1164 sed
944 1099 1008 1163 iam
1025 1099 1132 1181 accipe
1149 1099 1225 1182 quid
1240 1098 1440 1182 praestitum

306 1203 347 1267 sit
359 1203 520 1269 Susannae
532 1203 666 1286 pudicae
683 1204 722 1269 ab
737 1202 949 1268 innocentium
967 1201 1138 1279 defensore,
1156 1204 1194 1267 ab
1208 1220 1440 1284 oppressorum

306 1306 440 1372 uindice.
465 1306 572 1389 accipe
585 1324 665 1389 quae
675 1306 793 1371 referat
803 1305 937 1371 Danihel
952 1305 1032 1371 liber
1044 1305 1082 1369 de
1099 1304 1240 1369 uindicta
1256 1304 1439 1369 Susannae.

304 1410 496 1475 exclamauit
516 1416 621 1476 autem
638 1411 791 1476 Sacoena
807 1428 880 1473 uoce
892 1428 1014 1491 mapsa
1029 1413 1057 1473 et
1071 1410 1170 1475 dicit.-
1185 1409 1263 1473 dees
1276 1412 1442 1484 marnas,

303 1514 361 1595 ‘que'
383 1512 575 1579 occultorum
596 1513 799 1596 cognitores
821 1513 877 1594 qui
900 1512 962 1577 scis
985 1510 1094 1575 omnia
1109 1516 1183 1576 aab
1195 1512 1441 1594 generationes
1453 1520 1468 1561 1⁰

305 1637 421 1696 eoram,
458 1622 493 1681 tu
524 1617 587 1681 scis
614 1616 765 1698 quoniam
791 1616 913 1698 falsum
940 1615 1153 1679 testimoniam
1181 1615 1367 1700 deorsam
1397 1632 1442 1677 ore

305 1719 474 1799 attremat,-
502 1724 531 1784 et
556 1738 621 1784 ecce
649 1720 768 1783 morior
800 1736 879 1799 qaae
914 1716 998 1783 nibil
1029 1718 1090 1801 feet
1122 1717 1244 1795 boram,
1282 1734 1374 1799 perae
1410 1716 1440 1779 bi

306 1822 442 1905 maligni
462 1822 626 1904 timerent
647 1822 817 1887 aduncam
838 1842 895 1887 me.
920 1826 948 1888 et
970 1822 1137 1887 exaudierit
1150 1822 1304 1886 dominus
1331 1840 1440 1886 uocem

306 1926 383 1991 eiua.
428 1930 554 1989 etcum
581 1924 747 1990 duceretur
774 1928 810 1989 eet
832 1926 964 2007 periret,
994 1924 1147 1991 excitauit
1172 1926 1249 1989 deus
1279 1924 1439 2005 spir-itum

305 2032 450 2092 sanetum
469 2029 564 2109 pueri
587 2028 802 2109 odolescentia,
824 2030 877 2093 cai
894 2048 1008 2093 nomen
1023 2032 1092 2091 erut
1108 2026 1261 2105 Danihel,
1283 2032 1316 2091 et
1331 2027 1467 2091 esaan

305 2136 409 2195 mouit
430 2151 503 2195 uoce
517 2150 656 2215 mopau:
678 2130 818 2195 mundus
832 2150 884 2214 epe
899 2152 920 2195 a
934 2132 1093 2214 scapulae
1107 2128 1211 2195 buius.
1228 2134 1258 2195 et
1273 2145 1436 2195 comem

305 2228 348 2299 est
371 2236 474 2299 omnis
490 2233 581 2316 plebs
604 2233 647 2297 ud
669 2253 750 2317 cum,
767 2238 795 2297 et
813 2234 981 2299 damant:
1002 2234 1074 2316 puts
1089 2238 1135 2297 est
1147 2234 1206 2298 iate
1219 2236 1329 2299 'semen
1345 2254 1438 2315 quem

305 2343 341 2401 tu
363 2338 485 2403 locatus
506 2337 562 2401 es?
585 2340 621 2401 ut
642 2336 808 2401 illectans
830 2338 867 2401 in
889 2336 990 2402 credie
1012 2356 1119 2401 corum
1140 2336 1242 2403 dicit.-
1264 2338 1325 2414 sic,
1343 2339 1437 2403 stulti

305 2439 421 2521 Israel,
444 2459 509 2505 ace
530 2441 760 2523 interropentes
781 2458 878 2522 neque
892 2460 1002 2505 mrum
1017 2444 1231 2524 copcoseentca
1246 2440 1437 2508 damnastis

303 2545 409 2627 filiam
431 2543 553 2623 Isroet‚·
581 2540 680 2609 redite
701 2546 738 2608 tec
759 2544 932 2625 iudicium
965 2545 1085 2626 fulsum
1107 2546 1193 2611 cutm
1214 2547 1463 2610 testimonianze

306 2649 476 2712 adeersum
498 2669 566 2711 eam
582 2649 740 2713 dixerant.
766 2647 810 2712 sic
832 2647 1023 2715 etiamnunc
1041 2649 1236 2713 exclamante
1253 2649 1433 2715 Athanasio

307 2749 348 2814 ad
371 2750 464 2815 deum
487 2770 593 2816 omnes
609 2752 742 2817 famulos
767 2771 840 2817 suos
857 2752 934 2816 deus
949 2751 1025 2816 lecit
1039 2769 1094 2834 pro
1110 2753 1246 2816 ueritate
1262 2771 1434 2836 exsurgere

306 2855 416 2918 contra
437 2873 494 2919 uos
518 2853 714 2920 aduersarios
745 2873 827 2920 suos.
872 2856 949 2919 haec
978 2855 1149 2921 cultoribus
1179 2857 1244 2921 suis
1273 2857 1434 2939 praestitit

307 2975 386 3050 quae
408 2959 487 3029 tunc
498 2957 651 3023 Danihelo
668 2958 872 3024 deuotissimo
896 2977 962 3034 suo,
986 2977 1046 3042 quo
1068 2977 1231 3041 possemus
1254 2961 1289 3024 te
1320 2960 1433 3025 falsum

307 3077 375 3127 esse
398 3061 513 3152 testem
535 3061 729 3143 intellegere,
751 3063 784 3126 te
806 3079 903 3125 unum
928 3079 995 3126 esse
1020 3061 1058 3125 de
1073 3061 1253 3143 uiperarum
1269 3065 1461 3146 progeniae

304 3165 337 3255 te
363 3162 444 3227 falsa
471 3163 549 3228 haec
580 3183 653 3228 eum
681 3163 906 3246 consacrilegis
933 3163 997 3228 tuis
1026 3164 1180 3246 poetasse.
1224 3164 1369 3230 redeunt
1399 3167 1434 3230 ad

300 3256 422 3331 iustum
444 3265 648 3332 iudicandum
671 3265 823 3331 iudicium
845 3267 909 3331 iam
932 3266 1036 3332 cuncti
1058 3266 1139 3354 inter
1162 3267 1239 3332 baec
1268 3269 1350 3360 <ὺθ>1
1369 3271 1430 3334 tor-

306 3369 413 3451 quenti
435 3369 544 3446 mortis
573 3369 771 3448 sententiam,
797 3369 892 3434 etiam
913 3367 971 3447 illi,
999 3388 1077 3452 quos
1103 3370 1219 3435 inscios
1250 3391 1311 3438 sua
1341 3371 1431 3436 calli-

307 3470 405 3535 ditate
427 3490 482 3553 psr
497 3473 529 3536 te
546 3465 720 3537 dominator
736 3472 858 3536 animae
873 3473 948 3536 tuae
965 3471 1108 3538 diabolus
1126 3471 1429 3560 circumscripserat.

306 3593 367 3638 non
391 3573 474 3638 enim
497 3593 565 3638 esse
587 3575 692 3656 potest
719 3575 844 3656 praeter
872 3574 1049 3640 coarrianos
1079 3576 1150 3642 tuos
1179 3577 1233 3658 qui
1263 3595 1327 3642 non
1356 3577 1460 3642 uelit*

407 3814 424 3867 9
441 3814 510 3868 Dan.
528 3815 629 3869 43-49

356 4017 506 4089 tpsbiteri
609 4023 830 4078 decusationem
933 4023 1086 4076 decheuae
1191 4025 1368 4093 lopssorum

306 4105 473 4192 8uindictae
548 4108 749 4164 9uccaem.1
821 4109 853 4162 12
870 4110 1016 4178 moriorque
1086 4109 1118 4162 13
1136 4107 1186 4163 dds
1208 4109 1239 4178 V,
1264 4109 1364 4166 deuse

306 4208 668 4273 addamhe10V‚Danie1iv
735 4212 770 4265 25
781 4213 923 4298 progeniae
991 4211 1164 4266 adsederant
1234 4213 1268 4268 27
1281 4213 1425 4280 teoddidt

308 4327 359 4366 om.
381 4313 420 4367 Vc
490 4314 590 4369 cuncti:
608 4315 636 4368 in
653 4317 682 4368 te
699 4318 852 4384 retorquent
870 4315 940 4370 coni.
958 4315 1096 4370 Latinius
