3050 5000
362 308 425 373 238
851 308 999 363 Luciferi

262 532 269 545 ·
355 496 569 579 salutiferam,
591 498 776 581 derelinque
797 517 934 563 errorem
950 518 1013 580 per
1033 499 1169 565 Mum
1193 499 1347 564 iusttactu
1364 500 1436 569 cuce

357 602 533 665 iuuentam.

399 704 504 769 XIIII.
541 705 627 770 Deus
648 724 685 771 se
708 705 811 771 solum
834 705 1009 771 timendum
1030 706 1177 783 mundat,
1214 706 1339 789 praeter
1357 724 1383 772 se
1399 728 1436 777 sss

357 808 515 874 nemiuem
537 808 770 873 formidandum
791 808 968 891 praecepit;
993 809 1025 873 et
1045 810 1082 873 tu
1105 827 1143 873 es
1164 807 1312 873 statuisti
1330 808 1437 891 impleus

359 928 440 991 quse
463 910 581 976 domini
605 910 749 975 auferant
770 911 891 975 metum
907 911 940 975 et
952 910 986 975 te
1000 910 1119 975 faciant
1132 909 1379 977 formidandum?
1395 913 1449 979 tur

360 1012 437 1077 dicit
450 1014 648 1080 Hieremiae:
670 1034 736 1081 ecee
752 1016 850 1097 posui
872 1019 900 1079 te
921 1016 958 1079 iu
980 1013 1136 1081 tertiaria
1158 1015 1214 1081 die
1231 1016 1317 1081 sicut
1329 1016 1437 1082 ciuiuu

359 1118 487 1197 firmam
508 1123 539 1182 et
559 1118 641 1183 sieta
662 1138 792 1183 murum
814 1136 941 1183 aereum
957 1118 1088 1200 trinum
1101 1119 1250 1183 eruribus
1266 1118 1437 1202 recitusiuto

361 1224 390 1284 et
405 1221 613 1305 principibus
633 1223 703 1289 eius
723 1225 753 1287 et
773 1220 861 1304 piati
882 1226 994 1287 terrae.
1017 1225 1048 1287 et
1063 1222 1264 1305 mouebant
1286 1222 1328 1287 au
1342 1227 1437 1287 uetur

355 1329 508 1405 poteraut
536 1325 709 1391 aduersum
738 1328 787 1404 te,
820 1325 900 1407 quic
927 1343 980 1407 aaa
1002 1328 1213 1403 umerorum,
1249 1329 1287 1389 ut
1309 1325 1436 1405 iterat,

359 1427 438 1493 dicit
464 1428 632 1507 domiuus‚·
665 1427 699 1492 et
724 1428 761 1493 tu
791 1426 954 1493 existimas
980 1427 1014 1493 te
1043 1428 1148 1493 timeri
1173 1446 1273 1510 posse
1296 1446 1315 1491 s
1335 1448 1456 1512 quoquot*

360 1551 523 1598 seruorum
546 1532 618 1599 dei?
640 1552 696 1597 eur
718 1552 770 1597 me
794 1531 874 1597 dieis
897 1532 1103 1615 adrogantem
1125 1533 1321 1615 superbam?
1341 1551 1436 1596 corcor-

358 1636 562 1702 tumeliosum
588 1638 705 1701 roam?
738 1654 850 1717 nempe
880 1635 953 1719 quia
981 1636 1014 1699 te
1041 1637 1236 1719 reppererim
1264 1636 1391 1719 operibus
1405 1637 1436 1699 tu's

361 1758 431 1805 esse
455 1758 551 1805 uuum
574 1759 612 1805 er
632 1738 697 1805 illis
721 1738 760 1803 de
784 1738 898 1821 quibus
919 1738 1033 1805 beatus
1054 1739 1227 1805 Iohannes:
1257 1741 1382 1804 actutu
1396 1742 1436 1819 quir

360 1832 568 1908 antichristis
581 1844 687 1924 uenit·
707 1862 795 1907 uuae
817 1846 922 1907 autem
943 1842 1127 1907 antichristi
1149 1842 1249 1907 multi
1264 1846 1345 1906 suut.
1365 1842 1435 1906 sicco

359 1948 543 2013 iniuriarum
565 1966 636 2012 reos
659 1946 818 2029 designas,
841 1946 1005 2027 tamquam
1027 1944 1119 2027 primi
1135 1944 1447 2011 rosaceumuuuu

359 2050 519 2115 loistriem
540 2050 628 2115 tuum
649 2050 682 2116 iu
706 2050 758 2115 dei
779 2050 996 2115 introduceres
1020 2050 1197 2116 ecelesiam.
1233 2050 1339 2133 legisti
1358 2049 1434 2113 iutr-

360 2155 570 2220 chsbaeorum
591 2153 671 2218 libro
692 2154 810 2236 primo:
840 2159 868 2219 ei
889 2154 976 2219 uiuit
996 2154 1051 2219 uir
1066 2155 1217 2237 proximo
1242 2174 1313 2219 suo:
1333 2154 1358 2218 si
1375 2170 1434 2216 oues

358 2258 523 2339 fecerimus
544 2258 641 2322 sicuti
662 2261 692 2321 et
712 2256 830 2337 fratres
851 2256 954 2323 couri
980 2258 1125 2339 fecerent
1145 2262 1174 2323 et
1195 2278 1267 2322 aaa
1290 2253 1433 2340 muccu-

359 2379 431 2425 mus
461 2360 617 2425 aduersus
646 2365 755 2443 acutas
783 2379 846 2441 pro
872 2359 987 2425 amima
1015 2364 1128 2425 uestra
1153 2364 1183 2425 et
1208 2358 1434 2442 iustificatioutu

359 2464 486 2544 uostris,
509 2483 596 2530 uuae
616 2464 712 2529 eitius
732 2462 916 2546 disperderet
937 2482 994 2530 uos
1009 2484 1031 2528 a
1045 2468 1143 2532 terra.
1165 2462 1446 2549 aaoaituueruuiu

318 2596 320 2613 ι
359 2567 410 2631 tie
430 2566 494 2632 itta
514 2566 666 2633 diceutes:
699 2567 802 2631 anuis
823 2566 930 2646 tomo,
954 2568 1141 2650 quicumque
1162 2570 1292 2634 ueaerit
1310 2568 1350 2632 at
1366 2565 1433 2630 usu

359 2669 476 2734 beilum
496 2671 548 2735 die
568 2670 780 2752 satiatorum,
799 2687 980 2754 pausemus
1001 2673 1173 2738 aduersus
1194 2691 1280 2754 euru,
1303 2675 1433 2736 auare

360 2772 483 2836 riemur
509 2791 629 2858 ammes,
662 2775 745 2839 sicut
774 2776 894 2838 mortui
922 2779 998 2840 suat
1023 2775 1141 2856 fratres
1163 2775 1272 2840 uestri
1294 2774 1328 2838 iu
1347 2770 1432 2837 cautu

360 2879 435 2940 tuuc
462 2878 644 2960 mammeti
671 2882 747 2943 suut
776 2879 820 2944 act
849 2897 900 2943 eos
927 2883 1097 2944 acuamus
1126 2879 1221 2960 fortis
1245 2879 1284 2943 ia
1305 2871 1432 2942 tusco

360 2979 481 3062 Israel,
516 2982 621 3046 omnis
648 2982 856 3048 mutuatarius
877 2982 914 3048 ia
937 2983 1000 3066 leae
1023 2986 1051 3046 et
1073 3001 1180 3048 omues
1202 2983 1262 3064 qui
1283 2979 1446 3064 feritates

359 3081 455 3147 matis
476 3083 521 3147 aet
542 3102 607 3168 eos,
636 3089 666 3149 et
686 3084 767 3166 faeti
787 3089 865 3150 scuti
884 3084 954 3150 iltis
975 3085 1013 3150 ia
1033 3086 1285 3168 timuameutum.
1320 3089 1345 3148 et
1363 3080 1432 3146 uut-

360 3189 488 3251 tueruat
508 3187 661 3252 uirtutem
682 3192 713 3252 et
727 3192 956 3270 pacasseruut
967 3193 1145 3268 putatores
1160 3190 1197 3252 ia
1211 3189 1270 3254 ira
1283 3207 1341 3252 sua
1351 3190 1374 3249 et
1384 3183 1433 3247 uias

360 3290 486 3372 iniquos
508 3290 546 3355 iu
567 3291 800 3374 iatiauutioue.
843 3295 874 3356 et
897 3292 991 3358 aeteri
1018 3291 1170 3376 fuyeruut
1191 3292 1237 3358 aot
1260 3285 1432 3370 aarum

360 3411 392 3456 se
414 3393 600 3479 teterareut,
630 3397 660 3458 et
680 3394 865 3460 eircumiuit
888 3395 1071 3461 Mututtius
1092 3401 1122 3460 et
1143 3395 1242 3460 umiei
1272 3394 1348 3477 eius,
1370 3385 1431 3454 uu

360 3500 547 3562 struaeruat
567 3516 647 3563 arcs
667 3501 698 3562 et
718 3498 984 3578 circumcideruut
1004 3517 1118 3580 pueros
1140 3496 1367 3582 uuueumeisos
1382 3491 1445 3572 uu

360 3603 435 3680 quot
455 3593 649 3666 imaueruat
669 3601 708 3664 iu
726 3600 974 3683 (tuituslsraet
996 3603 1043 3668 iu·
1054 3602 1259 3685 fortitudine,
1284 3589 1431 3681 acutat

361 3705 437 3765 suat
456 3703 542 3784 titios
563 3705 739 3785 superbiae,
762 3709 792 3770 et
808 3706 1014 3789 praeparauit
1036 3725 1114 3788 opus
1135 3707 1172 3770 ia
1194 3725 1296 3769 mauu
1318 3695 1430 3778 comat

360 3803 565 3870 ottiuueruut
586 3805 683 3890 leuem
703 3807 742 3873 rte
763 3808 914 3874 mamitus
935 3809 1078 3893 acatium
1101 3813 1129 3874 et
1149 3827 1276 3892 recum,
1297 3795 1429 3872 aaut

462 3992 478 4043 6
497 3991 569 4046 Hier.
589 3993 613 4056 1,
634 3993 674 4047 18.
694 3993 726 4048 19
797 3992 932 4050 1311011.
952 3994 976 4062 2,
995 3994 1029 4048 18
1099 3992 1131 4046 17
1149 3991 1163 4047 I
1180 3991 1267 4047 Mach.
1285 3992 1307 4055 2,
1324 3983 1398 4042 Io-tt

411 4161 445 4216 13
461 4162 589 4216 iohsuuee
606 4161 701 4216 beatus
801 4162 834 4216 16
851 4161 1052 4217 machabeorum
1154 4159 1189 4215 26
1208 4162 1253 4232 sd]
1272 4158 1347 4215 additi
1360 4145 1428 4209 suited

360 4247 479 4314 Lucifer
497 4252 732 4318 suprap.17,8
801 4247 836 4302 29
853 4248 1011 4304 muthutiss
