3050 5000
338 408 380 462 De
397 422 451 461 nan
468 406 598 477 parcendo
616 407 644 460 in
662 405 739 460 deum
758 407 981 489 delinquentibus.
1161 411 1223 477 271

100 615 143 660 ea
163 596 265 664 nitito
287 598 319 663 et
340 597 422 681 quod
443 616 538 663 uerus
559 581 602 661 sit
622 597 721 679 filius,
750 598 808 663 sed
829 598 938 682 ntique
962 600 1044 682 quod
1074 599 1226 665 auderent
1325 624 1331 637 ·
1448 624 1451 639 ¹

93 702 226 766 unicum
243 701 294 767 dei
308 702 409 767 filium
432 700 583 779 confiteri,
609 700 692 783 quod
715 701 845 767 credere
862 722 895 769 se
912 702 1111 769 adstruerent
1129 704 1223 770 Obri-

96 805 194 870 stiani
210 805 284 887 qnia
295 805 467 871 aeternitas
476 824 538 868 una
556 804 597 869 sit
607 804 706 886 patris
722 805 755 869 et
769 804 837 882 filii,
855 806 929 889 quia
944 825 1006 871 una
1021 806 1062 871 sit
1078 806 1222 886 dealitas,

96 906 175 987 quia
188 926 251 971 una
266 906 308 971 sit
320 908 461 989 potentia
474 907 507 970 in
521 906 611 988 patre
626 907 659 970 et
672 906 749 972 filio.
783 909 862 972 haec
887 909 1090 974 execrabatur
1105 910 1224 975 Paulus

67 1010 282 1076 sexistimuns
305 1030 409 1076 errare
433 1009 643 1084 Christianos;
668 1009 701 1073 at
722 1010 778 1075 nbi
799 1011 985 1077 inlustratus
1009 1014 1058 1078 est
1078 1033 1135 1096 per
1151 1033 1222 1078 enm

96 1132 194 1194 quem
215 1114 362 1196 negabat,
384 1115 439 1179 nbi
462 1100 611 1196 cognouit
641 1113 679 1176 de
708 1114 799 1179 libris
821 1115 923 1199 Moysi
952 1117 983 1181 et
1012 1115 1051 1181 de
1080 1117 1224 1183 omnibus

94 1217 320 1298 prophetarum
330 1214 724 1295 uoluminibus,oonfestim
735 1217 814 1281 baec
827 1219 1019 1301 coepitquae
1030 1221 1224 1303 inpugnabat

96 1317 277 1397 defendere,
302 1339 382 1402 quae
405 1318 527 1384 scilicet
550 1317 621 1382 ante
645 1317 850 1383 defenderent
878 1320 926 1384 illi
950 1340 1027 1404 quos
1049 1341 1222 1405 perseque-

94 1422 192 1485 batur
214 1442 308 1505 qunm
337 1421 534 1487 credidisset.
580 1420 721 1485 ceterum
751 1422 822 1505 quis
852 1423 918 1487 tam
947 1444 1058 1489 uecors
1087 1425 1163 1502 erat,
1187 1424 1224 1487 ut

54 1552 81 1590 ιο
96 1525 176 1589 estis
198 1544 256 1591 uos
273 1525 396 1591 Arriani
413 1525 468 1589 eut
484 1525 533 1589 est
549 1523 680 1588 Fotinus
696 1522 923 1605 Sirmiensium,
948 1529 1001 1609 qui
1016 1545 1091 1592 uere
1108 1526 1222 1591 dicitur

96 1625 256 1707 Sentinas,
279 1629 315 1693 ut
336 1627 482 1693 crederet
502 1627 534 1691 in
558 1628 745 1707 creaturam,
769 1627 801 1692 in
818 1647 888 1693 eum
911 1632 967 1712 qui
980 1630 1081 1711 fuerit
1094 1631 1222 1712 quanda

95 1749 165 1794 nea
186 1731 294 1817 fuerit,
315 1732 348 1796 in
372 1751 443 1797 enm
465 1733 522 1815 qni
545 1736 670 1798 creatam
691 1734 735 1797 sit
756 1753 794 1797 en
816 1732 946 1799 nihilo?
975 1735 1104 1817 apparet
1126 1734 1224 1817 igitur

96 1836 230 1901 cunctos
264 1854 320 1901 uos
352 1854 413 1900 non
447 1823 621 1913 credentes,
656 1836 738 1899 sieut
772 1836 874 1901 credit
908 1837 1043 1901 ecelesia
1076 1836 1223 1920 gloriosa,

97 1938 211 2021 spiritu
229 1938 301 2002 duci
317 1938 460 2016 aduerso,
478 1938 517 2002 de
533 1956 594 2019 quo
606 1938 740 2003 aduerso
753 1939 866 2021 spiritu
878 1939 1005 2004 liberari
1021 1959 1080 2005 non
1093 1940 1222 2022 poteris,

57 2065 83 2105 15
96 2042 159 2107 nisi
183 2042 354 2107 credideris
376 2061 488 2107 uerum
509 2041 600 2105 illum
623 2060 692 2107 esse
714 2042 817 2107 filium
841 2043 900 2108 dei.

142 2145 308 2211 XXVIIII.
333 2145 576 2231 Contumeliae,
599 2144 713 2228 inquis,
735 2147 864 2227 faciunt
884 2147 964 2212 mibi
985 2148 1133 2229 episcopi.
1168 2166 1223 2213 cur

97 2250 159 2315 tibi
189 2250 334 2314 uidemur
366 2248 607 2315 contumeliosi?
650 2268 761 2331 nempe
797 2250 870 2333 quia
899 2250 1056 2315 dicamus:
1091 2253 1168 2333 quill
1196 2256 1224 2317 te
1254 2253 1264 2265 “
1390 2312 1394 2321 .

100 2353 324 2419 Obristianum
336 2354 461 2436 inpia?
482 2344 601 2416 uidiris
617 2350 732 2416 etenim
749 2371 818 2417 esse
834 2352 995 2431 Arrianus,
1017 2354 1136 2418 uideris
1153 2373 1225 2419 esse

100 2456 152 2520 dei
168 2456 329 2539 religionis
343 2456 452 2521 hostis.
468 2455 541 2520 hinc
554 2454 638 2537 apud
648 2454 680 2519 te
694 2473 730 2520 aa
746 2456 819 2521 tuos
835 2474 904 2522 esse
915 2456 1056 2522 iniuriosi
1069 2457 1222 2522 uidemur.

59 2581 85 2619 20
100 2560 158 2624 sed
182 2561 327 2642 conspice
355 2578 446 2642 quae,
475 2559 511 2622 ut
540 2576 705 2640 ageremus
733 2560 870 2642 episcopi
898 2560 1091 2626 cerbanos
1121 2560 1224 2644 lupos,

99 2662 196 2728 fnerIt
217 2663 342 2728 locutus
363 2661 566 2727 beafissimus
590 2660 766 2742 apostolus:
800 2682 856 2727 uos
877 2665 966 2729 scitis
987 2685 1009 2728 a
1026 2667 1141 2746 prima
1163 2666 1224 2744 ulie,

99 2787 166 2848 qna
188 2767 350 2850 inpressas
371 2787 443 2832 aum
463 2766 589 2840 Asiam,
613 2766 878 2847 quemadmodum
907 2767 1068 2833 nobiseum
1094 2769 1146 2850 fui
1163 2789 1224 2850 per

100 2888 193 2934 omne
214 2875 336 2952 tempus
358 2869 497 2936 seruiens
519 2868 649 2934 damino
669 2868 707 2932 in
728 2870 816 2933 orani
837 2870 1021 2936 bumilitate
1036 2875 1066 2936 et
1080 2873 1226 2936 lacrimis

99 2977 128 3036 et
144 2973 411 3056 temptationibus,
427 2970 603 3055 quaemihi
618 2971 805 3035 acciderunt
819 2972 859 3036 ab
873 2973 1005 3038 insidiis
1020 2973 1224 3056 Iudaeorum,

62 3076 251 3158 usquemodo
271 3075 358 3142 nibil
379 3075 594 3140 subtraxerim
616 3075 656 3140 ab
670 3077 714 3140 eis
729 3095 810 3157 quae
827 3075 926 3140 utilia
940 3081 1048 3157 essent,
1071 3078 1225 3158 quomodo

101 3180 323 3244 renuntiarem
345 3179 436 3242 uobis
456 3182 484 3242 et
497 3179 638 3244 ‹loamem
649 3178 776 3260 publice
791 3182 821 3244 et
829 3198 891 3260 per
904 3179 1012 3243 domos
1027 3181 1226 3263 testificando

100 3280 236 3352 Iudaeis
258 3287 289 3346 et
312 3281 445 3348 Graecis
466 3282 504 3346 in
526 3282 620 3347 deum
637 3282 875 3362 paenitentiam
897 3286 928 3346 et
946 3283 1041 3364 [idern
1062 3282 1100 3348 in
1121 3283 1225 3349 domi-

101 3404 181 3450 num
203 3390 346 3450 nostrum
361 3385 478 3450 Iesum.
501 3388 532 3450 et
546 3404 632 3450 nune
647 3404 712 3450 eece
727 3385 856 3450 uinctus
869 3385 988 3466 spiritu
1002 3387 1086 3451 naulo
1101 3386 1224 3452 Hieru-

101 3488 211 3564 salem,
235 3508 315 3571 quae
336 3489 374 3554 in
395 3508 432 3553 ea
453 3487 535 3552 mibi
557 3491 712 3553 euentura
725 3492 802 3554 sunt
817 3489 981 3571 innarenn,
1003 3489 1071 3554 nisi
1088 3489 1224 3572 spiritns

63 3608 89 3647 ω
103 3595 234 3656 sanetas
252 3612 312 3673 per
333 3610 454 3657 omnem
477 3592 642 3656 ciuitatem
665 3596 862 3673 protestatur
883 3591 964 3656 mibi
984 3592 1114 3658 dicens:
1147 3594 1226 3675 quia

103 3696 239 3762 uincula
261 3700 290 3761 et
313 3695 533 3762 tribulationes
554 3715 603 3760 me
624 3699 756 3760 manent
778 3696 815 3760 in
838 3696 1076 3780 Hierosolymis.
1101 3697 1153 3761 secl
1161 3716 1225 3778 pro

103 3798 205 3863 nihilo
229 3800 360 3864 aestimo
382 3801 527 3864 animam
556 3819 661 3864 meam
691 3819 801 3863 earam
824 3815 888 3865 esse
910 3799 999 3880 mibi,
1030 3819 1126 3881 quam
1148 3819 1226 3864 con-

176 4035 182 4045 ,
205 3969 236 4022 ar
256 3970 315 4022 ner.
333 3968 375 4034 ao,
394 3968 493 4023 rs-ar

156 4141 234 4209 lsit]
251 4156 304 4193 non
327 4141 363 4193 sit
380 4141 517 4194 Latinius
603 4139 672 4193 5ad
758 4139 930 4208 6Moysisu
1016 4136 1228 4192 ddelenderant

105 4230 170 4295 sort.
240 4227 621 4282 9uneerosinuaeeorsearr.
634 4244 668 4280 m.
681 4227 729 4281 alt.
801 4225 833 4279 19
847 4229 909 4296 aput
978 4224 1157 4294 liqueant

106 4333 137 4385 21
155 4305 198 4386 uo*
258 4331 292 4384 26
311 4329 402 4386 docere
