<?xml version="1.0" encoding="UTF-8"?>
<!DOCTYPE html PUBLIC "-//W3C//DTD XHTML 1.0 Transitional//EN"
    "http://www.w3.org/TR/xhtml1/DTD/xhtml1-transitional.dtd">
<html xmlns="http://www.w3.org/1999/xhtml" xml:lang="en" lang="en">
 <head>
  <title>
</title>
<meta http-equiv="Content-Type" content="text/html;charset=utf-8" />
  <meta name='ocr-system' content='tesseract 3.04.00' />
  <meta name='ocr-capabilities' content='ocr_page ocr_carea ocr_par ocr_line ocrx_word'/>
</head>
<body>
  <div class='ocr_page' id='page_1' title='image "./corpusscriptoru03wissgoog_0316.png"; bbox 0 0 3050 5000; ppageno 0'>
   <div class='ocr_carea' id='block_1_1' title="bbox 312 359 1200 443">
    <p class='ocr_par' dir='ltr' id='par_1_1' title="bbox 312 359 1200 443">
     <span class='ocr_line' id='line_1_1' title="bbox 312 359 1200 443; baseline 0.017 -30"><span class='ocrx_word' id='word_1_1' title='bbox 312 359 354 413; x_wconf 89' lang='lat' dir='ltr'><strong><em>De</em></strong></span> <span class='ocrx_word' id='word_1_2' title='bbox 371 376 425 415; x_wconf 89' lang='lat' dir='ltr'><strong><em>non</em></strong></span> <span class='ocrx_word' id='word_1_3' title='bbox 441 362 572 433; x_wconf 81' lang='lat' dir='ltr'><strong><em>parcendo</em></strong></span> <span class='ocrx_word' id='word_1_4' title='bbox 590 364 619 418; x_wconf 87' lang='lat' dir='ltr'><strong><em>in</em></strong></span> <span class='ocrx_word' id='word_1_5' title='bbox 636 363 714 425; x_wconf 85' lang='lat' dir='ltr'><strong><em>deum</em></strong></span> <span class='ocrx_word' id='word_1_6' title='bbox 734 364 956 443; x_wconf 67' lang='lat' dir='ltr'><strong><em>dedinquentibus.</em></strong></span> <span class='ocrx_word' id='word_1_7' title='bbox 1136 370 1200 436; x_wconf 80' lang='grc'><strong><em>267</em></strong></span> 
     </span>
    </p>
   </div>
   <div class='ocr_carea' id='block_1_2' title="bbox 33 550 1282 3633">
    <p class='ocr_par' dir='ltr' id='par_1_2' title="bbox 54 550 1198 839">
     <span class='ocr_line' id='line_1_2' title="bbox 54 550 1198 642; baseline 0.013 -33"><span class='ocrx_word' id='word_1_8' title='bbox 54 550 189 615; x_wconf 76' lang='lat' dir='ltr'>archae</span> <span class='ocrx_word' id='word_1_9' title='bbox 222 551 394 633; x_wconf 83' lang='lat' dir='ltr'><strong><em>prophetae</em></strong></span> <span class='ocrx_word' id='word_1_10' title='bbox 424 552 558 635; x_wconf 80' lang='lat' dir='ltr'><strong><em>apostoli</em></strong></span> <span class='ocrx_word' id='word_1_11' title='bbox 586 571 623 617; x_wconf 89' lang='lat' dir='ltr'><strong><em>ae</em></strong></span> <span class='ocrx_word' id='word_1_12' title='bbox 651 552 804 638; x_wconf 73' lang='lat' dir='ltr'><strong><em>martyres</em></strong></span> <span class='ocrx_word' id='word_1_13' title='bbox 834 554 1053 633; x_wconf 79' lang='lat' dir='ltr'><strong><em>eredideruui3</em></strong></span> <span class='ocrx_word' id='word_1_14' title='bbox 1088 558 1198 642; x_wconf 84' lang='lat' dir='ltr'><strong><em>utique</em></strong></span> 
     </span>
     <span class='ocr_line' id='line_1_3' title="bbox 54 652 1198 744; baseline 0.013 -30"><span class='ocrx_word' id='word_1_15' title='bbox 54 652 226 732; x_wconf 86' lang='lat' dir='ltr'><strong><em>quantum</em></strong></span> <span class='ocrx_word' id='word_1_16' title='bbox 248 653 346 720; x_wconf 80' lang='lat' dir='ltr'><strong><em>distet</em></strong></span> <span class='ocrx_word' id='word_1_17' title='bbox 366 654 448 721; x_wconf 85' lang='lat' dir='ltr'><strong><em>inter</em></strong></span> <span class='ocrx_word' id='word_1_18' title='bbox 469 656 502 721; x_wconf 81' lang='lat' dir='ltr'><strong><em>te</em></strong></span> <span class='ocrx_word' id='word_1_19' title='bbox 526 656 620 738; x_wconf 79' lang='lat' dir='ltr'><strong><em>atque</em></strong></span> <span class='ocrx_word' id='word_1_20' title='bbox 643 656 756 721; x_wconf 84' lang='lat' dir='ltr'><strong><em>Iudam</em></strong></span> <span class='ocrx_word' id='word_1_21' title='bbox 779 676 840 724; x_wconf 91' lang='lat' dir='ltr'><strong><em>uon</em></strong></span> <span class='ocrx_word' id='word_1_22' title='bbox 870 658 919 723; x_wconf 80' lang='lat' dir='ltr'><strong><em>esi</em></strong></span> <span class='ocrx_word' id='word_1_23' title='bbox 945 661 1053 744; x_wconf 85' lang='lat' dir='ltr'><strong><em>magni</em></strong></span> <span class='ocrx_word' id='word_1_24' title='bbox 1080 662 1198 729; x_wconf 87' lang='lat' dir='ltr'><strong><em>laboris</em></strong></span> 
     </span>
     <span class='ocr_line' id='line_1_4' title="bbox 54 756 275 839; baseline 0.018 -20"><span class='ocrx_word' id='word_1_25' title='bbox 54 756 275 839; x_wconf 73' lang='lat' dir='ltr'>perpendere.</span> 
     </span>
    </p>

    <p class='ocr_par' dir='ltr' id='par_1_3' title="bbox 33 860 1282 3633">
     <span class='ocr_line' id='line_1_5' title="bbox 107 860 1197 952; baseline 0.009 -27"><span class='ocrx_word' id='word_1_26' title='bbox 107 860 248 926; x_wconf 85' lang='lat' dir='ltr'>XXVII.</span> <span class='ocrx_word' id='word_1_27' title='bbox 270 861 359 927; x_wconf 83' lang='lat' dir='ltr'><strong><em>Dinis</em></strong></span> <span class='ocrx_word' id='word_1_28' title='bbox 381 881 432 952; x_wconf 90' lang='lat' dir='ltr'><strong><em>me</em></strong></span> <span class='ocrx_word' id='word_1_29' title='bbox 454 861 725 942; x_wconf 80' lang='lat' dir='ltr'><strong><em>contumeliosum,</em></strong></span> <span class='ocrx_word' id='word_1_30' title='bbox 750 864 825 945; x_wconf 84' lang='lat' dir='ltr'><strong><em>quia</em></strong></span> <span class='ocrx_word' id='word_1_31' title='bbox 849 866 881 931; x_wconf 84' lang='lat' dir='ltr'><strong><em>et</em></strong></span> <span class='ocrx_word' id='word_1_32' title='bbox 901 886 951 931; x_wconf 93' lang='lat' dir='ltr'><strong><em>me</em></strong></span> <span class='ocrx_word' id='word_1_33' title='bbox 969 867 1092 933; x_wconf 81' lang='lat' dir='ltr'><strong><em>etmihi</em></strong></span> <span class='ocrx_word' id='word_1_34' title='bbox 1107 887 1197 935; x_wconf 88' lang='lat' dir='ltr'><strong><em>eom·</em></strong></span> 
     </span>
     <span class='ocr_line' id='line_1_6' title="bbox 33 963 1199 1056; baseline 0.009 -30"><span class='ocrx_word' id='word_1_35' title='bbox 33 963 187 1029; x_wconf 63' lang='lat' dir='ltr'><strong><em>smissos</em></strong></span> <span class='ocrx_word' id='word_1_36' title='bbox 209 965 269 1030; x_wconf 91' lang='lat' dir='ltr'><strong><em>sim</em></strong></span> <span class='ocrx_word' id='word_1_37' title='bbox 291 966 421 1048; x_wconf 88' lang='lat' dir='ltr'><strong><em>eupieus</em></strong></span> <span class='ocrx_word' id='word_1_38' title='bbox 442 985 503 1031; x_wconf 93' lang='lat' dir='ltr'><strong><em>non</em></strong></span> <span class='ocrx_word' id='word_1_39' title='bbox 524 966 582 1031; x_wconf 85' lang='lat' dir='ltr'><strong><em>tua</em></strong></span> <span class='ocrx_word' id='word_1_40' title='bbox 601 965 753 1049; x_wconf 80' lang='lat' dir='ltr'><strong><em>pestifera</em></strong></span> <span class='ocrx_word' id='word_1_41' title='bbox 772 966 915 1034; x_wconf 80' lang='lat' dir='ltr'><strong><em>dooiniua</em></strong></span> <span class='ocrx_word' id='word_1_42' title='bbox 929 970 1099 1050; x_wconf 84' lang='lat' dir='ltr'><strong><em>uulnerari,</em></strong></span> <span class='ocrx_word' id='word_1_43' title='bbox 1124 972 1199 1056; x_wconf 90' lang='lat' dir='ltr'><strong><em>quia</em></strong></span> 
     </span>
     <span class='ocr_line' id='line_1_7' title="bbox 57 1067 1198 1152; baseline 0.008 -22"><span class='ocrx_word' id='word_1_44' title='bbox 57 1067 178 1133; x_wconf 84' lang='lat' dir='ltr'><strong><em>dicam</em></strong></span> <span class='ocrx_word' id='word_1_45' title='bbox 205 1067 264 1133; x_wconf 83' lang='lat' dir='ltr'><strong><em>tibi</em></strong></span> <span class='ocrx_word' id='word_1_46' title='bbox 289 1070 399 1134; x_wconf 88' lang='lat' dir='ltr'><strong><em>morbo</em></strong></span> <span class='ocrx_word' id='word_1_47' title='bbox 426 1069 459 1133; x_wconf 84' lang='lat' dir='ltr'><strong><em>te</em></strong></span> <span class='ocrx_word' id='word_1_48' title='bbox 482 1070 610 1152; x_wconf 91' lang='lat' dir='ltr'><strong><em>plenum</em></strong></span> <span class='ocrx_word' id='word_1_49' title='bbox 633 1069 666 1134; x_wconf 82' lang='lat' dir='ltr'><strong><em>et</em></strong></span> <span class='ocrx_word' id='word_1_50' title='bbox 686 1069 803 1135; x_wconf 85' lang='lat' dir='ltr'><strong><em>ieoireo</em></strong></span> <span class='ocrx_word' id='word_1_51' title='bbox 825 1073 857 1137; x_wconf 90' lang='lat' dir='ltr'><strong><em>te</em></strong></span> <span class='ocrx_word' id='word_1_52' title='bbox 882 1092 950 1138; x_wconf 91' lang='lat' dir='ltr'><strong><em>esse</em></strong></span> <span class='ocrx_word' id='word_1_53' title='bbox 976 1093 994 1138; x_wconf 89' lang='lat' dir='ltr'>a</span> <span class='ocrx_word' id='word_1_54' title='bbox 1018 1074 1069 1139; x_wconf 91' lang='lat' dir='ltr'><strong><em>dei</em></strong></span> <span class='ocrx_word' id='word_1_55' title='bbox 1091 1076 1198 1141; x_wconf 78' lang='lat' dir='ltr'><strong><em>uitan-</em></strong></span> 
     </span>
     <span class='ocr_line' id='line_1_8' title="bbox 57 1170 1197 1261; baseline 0.008 -27"><span class='ocrx_word' id='word_1_56' title='bbox 57 1170 147 1235; x_wconf 89' lang='lat' dir='ltr'><strong><em>dum</em></strong></span> <span class='ocrx_word' id='word_1_57' title='bbox 176 1174 287 1251; x_wconf 85' lang='lat' dir='ltr'><strong><em>seruis,</em></strong></span> <span class='ocrx_word' id='word_1_58' title='bbox 314 1192 354 1237; x_wconf 92' lang='lat' dir='ltr'><strong><em>ne</em></strong></span> <span class='ocrx_word' id='word_1_59' title='bbox 381 1172 446 1237; x_wconf 89' lang='lat' dir='ltr'><strong><em>iam</em></strong></span> <span class='ocrx_word' id='word_1_60' title='bbox 471 1173 532 1256; x_wconf 88' lang='lat' dir='ltr'><strong><em>ipsi</em></strong></span> <span class='ocrx_word' id='word_1_61' title='bbox 554 1170 690 1240; x_wconf 86' lang='lat' dir='ltr'><strong>morbidi</strong></span> <span class='ocrx_word' id='word_1_62' title='bbox 713 1174 816 1238; x_wconf 79' lang='lat' dir='ltr'><strong><em>effoeti</em></strong></span> <span class='ocrx_word' id='word_1_63' title='bbox 837 1194 901 1240; x_wconf 88' lang='lat' dir='ltr'><strong><em>una</em></strong></span> <span class='ocrx_word' id='word_1_64' title='bbox 923 1180 982 1243; x_wconf 85' lang='lat' dir='ltr'><strong><em>heo</em></strong></span> <span class='ocrx_word' id='word_1_65' title='bbox 1005 1178 1061 1243; x_wconf 86' lang='lat' dir='ltr'><strong><em>tus</em></strong></span> <span class='ocrx_word' id='word_1_66' title='bbox 1083 1196 1197 1261; x_wconf 83' lang='lat' dir='ltr'><strong><em>perea-</em></strong></span> 
     </span>
     <span class='ocr_line' id='line_1_9' title="bbox 54 1276 1199 1369; baseline 0.01 -31"><span class='ocrx_word' id='word_1_67' title='bbox 54 1293 140 1369; x_wconf 82' lang='lat' dir='ltr'><strong><em>mus</em></strong></span> <span class='ocrx_word' id='word_1_68' title='bbox 162 1276 262 1358; x_wconf 86' lang='lat' dir='ltr'><strong><em>peste.</em></strong></span> <span class='ocrx_word' id='word_1_69' title='bbox 300 1276 443 1357; x_wconf 83' lang='lat' dir='ltr'><strong><em>utinam,</em></strong></span> <span class='ocrx_word' id='word_1_70' title='bbox 474 1279 577 1362; x_wconf 84' lang='lat' dir='ltr'><strong><em>inquit</em></strong></span> <span class='ocrx_word' id='word_1_71' title='bbox 599 1278 771 1347; x_wconf 78' lang='lat' dir='ltr'><strong><em>Corinthiis</em></strong></span> <span class='ocrx_word' id='word_1_72' title='bbox 796 1280 971 1362; x_wconf 78' lang='lat' dir='ltr'><strong><em>apostolus,</em></strong></span> <span class='ocrx_word' id='word_1_73' title='bbox 1001 1283 1199 1349; x_wconf 72' lang='lat' dir='ltr'><strong><em>sustineretis</em></strong></span> 
     </span>
     <span class='ocr_line' id='line_1_10' title="bbox 50 1378 1198 1467; baseline 0.007 -23"><span class='ocrx_word' id='word_1_74' title='bbox 50 1378 225 1459; x_wconf 55' lang='grc'><strong>[1191111111</strong></span> <span class='ocrx_word' id='word_1_75' title='bbox 245 1381 455 1463; x_wconf 73' lang='lat' dir='ltr'><strong><em>insipientiae</em></strong></span> <span class='ocrx_word' id='word_1_76' title='bbox 475 1403 578 1465; x_wconf 81' lang='lat' dir='ltr'><strong><em>meae,</em></strong></span> <span class='ocrx_word' id='word_1_77' title='bbox 609 1385 664 1450; x_wconf 85' lang='lat' dir='ltr'><strong><em>sed</em></strong></span> <span class='ocrx_word' id='word_1_78' title='bbox 685 1390 716 1450; x_wconf 89' lang='lat' dir='ltr'><strong><em>et</em></strong></span> <span class='ocrx_word' id='word_1_79' title='bbox 735 1384 914 1467; x_wconf 73' lang='lat' dir='ltr'><strong><em>subportante</em></strong></span> <span class='ocrx_word' id='word_1_80' title='bbox 935 1406 993 1449; x_wconf 84' lang='lat' dir='ltr'><strong><em>me.</em></strong></span> <span class='ocrx_word' id='word_1_81' title='bbox 1031 1385 1198 1452; x_wconf 67' lang='lat' dir='ltr'><strong><em>mmudaus</em></strong></span> 
     </span>
     <span class='ocr_line' id='line_1_11' title="bbox 33 1485 1282 1573; baseline 0.009 -26"><span class='ocrx_word' id='word_1_82' title='bbox 33 1485 156 1548; x_wconf 76' lang='lat' dir='ltr'><strong><em>‘enim</em></strong></span> <span class='ocrx_word' id='word_1_83' title='bbox 184 1503 242 1549; x_wconf 82' lang='lat' dir='ltr'><strong><em>uos</em></strong></span> <span class='ocrx_word' id='word_1_84' title='bbox 268 1486 324 1551; x_wconf 86' lang='lat' dir='ltr'><strong><em>deo</em></strong></span> <span class='ocrx_word' id='word_1_85' title='bbox 352 1486 504 1553; x_wconf 68' lang='lat' dir='ltr'><strong><em>motator.</em></strong></span> <span class='ocrx_word' id='word_1_86' title='bbox 543 1490 645 1553; x_wconf 82' lang='lat' dir='ltr'><strong><em>statui</em></strong></span> <span class='ocrx_word' id='word_1_87' title='bbox 672 1490 758 1554; x_wconf 83' lang='lat' dir='ltr'><strong><em>enim</em></strong></span> <span class='ocrx_word' id='word_1_88' title='bbox 780 1509 839 1555; x_wconf 80' lang='lat' dir='ltr'><strong><em>etos</em></strong></span> <span class='ocrx_word' id='word_1_89' title='bbox 860 1490 921 1555; x_wconf 82' lang='lat' dir='ltr'><strong><em>uui</em></strong></span> <span class='ocrx_word' id='word_1_90' title='bbox 942 1490 1015 1554; x_wconf 81' lang='lat' dir='ltr'><strong><em>uiro</em></strong></span> <span class='ocrx_word' id='word_1_91' title='bbox 1036 1491 1197 1573; x_wconf 82' lang='lat' dir='ltr'><strong><em>uirpiuem</em></strong></span> <span class='ocrx_word' id='word_1_92' title='bbox 1280 1553 1282 1558; x_wconf 88' lang='grc'><em>,</em></span> 
     </span>
     <span class='ocr_line' id='line_1_12' title="bbox 58 1587 1196 1673; baseline 0.004 -21"><span class='ocrx_word' id='word_1_93' title='bbox 58 1592 193 1652; x_wconf 80' lang='lat' dir='ltr'><strong><em>castam</em></strong></span> <span class='ocrx_word' id='word_1_94' title='bbox 213 1587 354 1654; x_wconf 68' lang='lat' dir='ltr'><strong><em>caietae</em></strong></span> <span class='ocrx_word' id='word_1_95' title='bbox 372 1589 506 1656; x_wconf 75' lang='lat' dir='ltr'><strong><em>Christo.</em></strong></span> <span class='ocrx_word' id='word_1_96' title='bbox 531 1592 623 1657; x_wconf 84' lang='lat' dir='ltr'><strong><em>timeo</em></strong></span> <span class='ocrx_word' id='word_1_97' title='bbox 643 1598 750 1658; x_wconf 78' lang='lat' dir='ltr'><strong><em>autem</em></strong></span> <span class='ocrx_word' id='word_1_98' title='bbox 772 1613 812 1658; x_wconf 84' lang='lat' dir='ltr'><strong><em>ue</em></strong></span> <span class='ocrx_word' id='word_1_99' title='bbox 834 1594 916 1658; x_wconf 71' lang='lat' dir='ltr'><strong><em>sicit</em></strong></span> <span class='ocrx_word' id='word_1_100' title='bbox 936 1612 1065 1673; x_wconf 84' lang='lat' dir='ltr'><strong><em>serpeus</em></strong></span> <span class='ocrx_word' id='word_1_101' title='bbox 1086 1592 1196 1657; x_wconf 71' lang='lat' dir='ltr'><strong><em>Eueno</em></strong></span> 
     </span>
     <span class='ocr_line' id='line_1_13' title="bbox 57 1690 1204 1777; baseline 0.004 -23"><span class='ocrx_word' id='word_1_102' title='bbox 57 1691 195 1755; x_wconf 70' lang='lat' dir='ltr'><strong><em>sedauit</em></strong></span> <span class='ocrx_word' id='word_1_103' title='bbox 222 1693 345 1757; x_wconf 79' lang='lat' dir='ltr'><strong><em>astutia</em></strong></span> <span class='ocrx_word' id='word_1_104' title='bbox 372 1712 433 1758; x_wconf 81' lang='lat' dir='ltr'><strong><em>sua</em></strong></span> <span class='ocrx_word' id='word_1_105' title='bbox 462 1700 710 1777; x_wconf 76' lang='lat' dir='ltr'><strong><em>corrumpantur</em></strong></span> <span class='ocrx_word' id='word_1_106' title='bbox 737 1714 847 1760; x_wconf 74' lang='lat' dir='ltr'><strong><em>seusam</em></strong></span> <span class='ocrx_word' id='word_1_107' title='bbox 873 1696 973 1761; x_wconf 82' lang='lat' dir='ltr'><strong><em>uestri</em></strong></span> <span class='ocrx_word' id='word_1_108' title='bbox 1002 1717 1023 1759; x_wconf 85' lang='lat' dir='ltr'><strong><em>u</em></strong></span> <span class='ocrx_word' id='word_1_109' title='bbox 1050 1690 1204 1761; x_wconf 79' lang='lat' dir='ltr'><strong><em>castitate</em></strong></span> 
     </span>
     <span class='ocr_line' id='line_1_14' title="bbox 58 1796 1195 1877; baseline 0.004 -18"><span class='ocrx_word' id='word_1_110' title='bbox 58 1816 150 1877; x_wconf 81' lang='lat' dir='ltr'><strong><em>puae</em></strong></span> <span class='ocrx_word' id='word_1_111' title='bbox 172 1797 277 1860; x_wconf 82' lang='lat' dir='ltr'><strong><em>estin</em></strong></span> <span class='ocrx_word' id='word_1_112' title='bbox 300 1796 424 1863; x_wconf 78' lang='lat' dir='ltr'><strong><em>Otuisto</em></strong></span> <span class='ocrx_word' id='word_1_113' title='bbox 445 1798 530 1865; x_wconf 75' lang='lat' dir='ltr'><strong><em>Iesu,</em></strong></span> <span class='ocrx_word' id='word_1_114' title='bbox 567 1798 686 1864; x_wconf 86' lang='lat' dir='ltr'><strong><em>ideireo</em></strong></span> <span class='ocrx_word' id='word_1_115' title='bbox 715 1798 775 1864; x_wconf 78' lang='lat' dir='ltr'><strong><em>tibi</em></strong></span> <span class='ocrx_word' id='word_1_116' title='bbox 803 1798 912 1865; x_wconf 90' lang='lat' dir='ltr'><strong><em>uideor</em></strong></span> <span class='ocrx_word' id='word_1_117' title='bbox 936 1818 1005 1865; x_wconf 89' lang='lat' dir='ltr'><strong><em>esse</em></strong></span> <span class='ocrx_word' id='word_1_118' title='bbox 1028 1798 1195 1865; x_wconf 81' lang='lat' dir='ltr'><strong><em>contume-</em></strong></span> 
     </span>
     <span class='ocr_line' id='line_1_15' title="bbox 58 1898 1196 1986; baseline 0.005 -24"><span class='ocrx_word' id='word_1_119' title='bbox 58 1898 179 1977; x_wconf 83' lang='lat' dir='ltr'><strong><em>liosus,</em></strong></span> <span class='ocrx_word' id='word_1_120' title='bbox 204 1900 278 1982; x_wconf 82' lang='lat' dir='ltr'><strong><em>quia</em></strong></span> <span class='ocrx_word' id='word_1_121' title='bbox 300 1900 360 1965; x_wconf 89' lang='lat' dir='ltr'><strong><em>sim</em></strong></span> <span class='ocrx_word' id='word_1_122' title='bbox 380 1900 496 1965; x_wconf 80' lang='lat' dir='ltr'><strong><em>timens</em></strong></span> <span class='ocrx_word' id='word_1_123' title='bbox 518 1921 557 1965; x_wconf 91' lang='lat' dir='ltr'><strong><em>ne</em></strong></span> <span class='ocrx_word' id='word_1_124' title='bbox 579 1921 635 1984; x_wconf 86' lang='lat' dir='ltr'><strong><em>per</em></strong></span> <span class='ocrx_word' id='word_1_125' title='bbox 657 1901 885 1985; x_wconf 79' lang='lat' dir='ltr'>blasphemiam</span> <span class='ocrx_word' id='word_1_126' title='bbox 906 1903 996 1967; x_wconf 80' lang='lat' dir='ltr'><strong><em>tuam</em></strong></span> <span class='ocrx_word' id='word_1_127' title='bbox 1014 1921 1196 1986; x_wconf 81' lang='lat' dir='ltr'>corrumpas</span> 
     </span>
     <span class='ocr_line' id='line_1_16' title="bbox 33 1998 1195 2086; baseline 0.006 -22"><span class='ocrx_word' id='word_1_128' title='bbox 33 1998 251 2065; x_wconf 82' lang='lat' dir='ltr'><strong><em>⁵oastitatem</em></strong></span> <span class='ocrx_word' id='word_1_129' title='bbox 274 2020 369 2083; x_wconf 91' lang='lat' dir='ltr'><strong><em>quam</em></strong></span> <span class='ocrx_word' id='word_1_130' title='bbox 392 2003 546 2067; x_wconf 86' lang='lat' dir='ltr'><strong><em>habemus</em></strong></span> <span class='ocrx_word' id='word_1_131' title='bbox 567 2003 599 2065; x_wconf 93' lang='lat' dir='ltr'><strong><em>in</em></strong></span> <span class='ocrx_word' id='word_1_132' title='bbox 622 2002 747 2068; x_wconf 79' lang='lat' dir='ltr'><strong><em>Ghn&#39;sto</em></strong></span> <span class='ocrx_word' id='word_1_133' title='bbox 771 2005 859 2082; x_wconf 77' lang='lat' dir='ltr'><strong><em>Iesu,</em></strong></span> <span class='ocrx_word' id='word_1_134' title='bbox 897 2004 971 2086; x_wconf 88' lang='lat' dir='ltr'><strong><em>quia</em></strong></span> <span class='ocrx_word' id='word_1_135' title='bbox 994 2024 1101 2069; x_wconf 91' lang='lat' dir='ltr'><strong><em>sumus</em></strong></span> <span class='ocrx_word' id='word_1_136' title='bbox 1123 2025 1195 2071; x_wconf 88' lang='lat' dir='ltr'><strong><em>me-</em></strong></span> 
     </span>
     <span class='ocr_line' id='line_1_17' title="bbox 58 2104 1195 2187; baseline 0.006 -20"><span class='ocrx_word' id='word_1_137' title='bbox 58 2104 195 2169; x_wconf 74' lang='lat' dir='ltr'><strong><em>tuentes</em></strong></span> <span class='ocrx_word' id='word_1_138' title='bbox 217 2124 266 2183; x_wconf 76' lang='lat' dir='ltr'><strong><em>ne,</em></strong></span> <span class='ocrx_word' id='word_1_139' title='bbox 290 2104 374 2169; x_wconf 71' lang='lat' dir='ltr'><strong><em>deut</em></strong></span> <span class='ocrx_word' id='word_1_140' title='bbox 389 2124 517 2187; x_wconf 87' lang='lat' dir='ltr'><strong><em>serpeus</em></strong></span> <span class='ocrx_word' id='word_1_141' title='bbox 536 2106 717 2171; x_wconf 81' lang='lat' dir='ltr'><strong><em>carissimus</em></strong></span> <span class='ocrx_word' id='word_1_142' title='bbox 732 2106 807 2170; x_wconf 75' lang='lat' dir='ltr'><strong><em>tuus</em></strong></span> <span class='ocrx_word' id='word_1_143' title='bbox 821 2107 922 2171; x_wconf 79' lang='lat' dir='ltr'><strong><em>Euam</em></strong></span> <span class='ocrx_word' id='word_1_144' title='bbox 938 2108 1062 2173; x_wconf 82' lang='lat' dir='ltr'><strong><em>seduxit</em></strong></span> <span class='ocrx_word' id='word_1_145' title='bbox 1078 2109 1195 2174; x_wconf 80' lang='lat' dir='ltr'><strong><em>astutia</em></strong></span> 
     </span>
     <span class='ocr_line' id='line_1_18' title="bbox 60 2207 1194 2289; baseline 0.003 -16"><span class='ocrx_word' id='word_1_146' title='bbox 60 2227 133 2285; x_wconf 82' lang='lat' dir='ltr'><strong><em>sua,</em></strong></span> <span class='ocrx_word' id='word_1_147' title='bbox 159 2207 294 2273; x_wconf 87' lang='lat' dir='ltr'><strong><em>seduoss</em></strong></span> <span class='ocrx_word' id='word_1_148' title='bbox 316 2228 372 2273; x_wconf 90' lang='lat' dir='ltr'><strong><em>nos</em></strong></span> <span class='ocrx_word' id='word_1_149' title='bbox 396 2228 415 2273; x_wconf 90' lang='lat' dir='ltr'>a</span> <span class='ocrx_word' id='word_1_150' title='bbox 437 2208 497 2273; x_wconf 89' lang='lat' dir='ltr'><strong><em>deo</em></strong></span> <span class='ocrx_word' id='word_1_151' title='bbox 520 2210 551 2273; x_wconf 81' lang='lat' dir='ltr'><strong><em>et</em></strong></span> <span class='ocrx_word' id='word_1_152' title='bbox 572 2208 671 2273; x_wconf 78' lang='lat' dir='ltr'><strong><em>fauiae</em></strong></span> <span class='ocrx_word' id='word_1_153' title='bbox 693 2228 764 2289; x_wconf 80' lang='lat' dir='ltr'><strong><em>reos</em></strong></span> <span class='ocrx_word' id='word_1_154' title='bbox 786 2210 905 2275; x_wconf 79' lang='lat' dir='ltr'><strong><em>mortis.</em></strong></span> <span class='ocrx_word' id='word_1_155' title='bbox 930 2210 1019 2276; x_wconf 85' lang='lat' dir='ltr'><strong><em>ducis</em></strong></span> <span class='ocrx_word' id='word_1_156' title='bbox 1040 2230 1092 2275; x_wconf 90' lang='lat' dir='ltr'><strong><em>me</em></strong></span> <span class='ocrx_word' id='word_1_157' title='bbox 1115 2230 1194 2276; x_wconf 89' lang='lat' dir='ltr'><strong><em>eon-</em></strong></span> 
     </span>
     <span class='ocr_line' id='line_1_19' title="bbox 58 2311 1194 2395; baseline 0.004 -21"><span class='ocrx_word' id='word_1_158' title='bbox 58 2312 244 2390; x_wconf 82' lang='lat' dir='ltr'><strong><em>iumaeem‚</em></strong></span> <span class='ocrx_word' id='word_1_159' title='bbox 279 2311 353 2394; x_wconf 86' lang='lat' dir='ltr'><strong><em>quia</em></strong></span> <span class='ocrx_word' id='word_1_160' title='bbox 377 2312 481 2376; x_wconf 83' lang='lat' dir='ltr'><strong><em>dicam</em></strong></span> <span class='ocrx_word' id='word_1_161' title='bbox 502 2312 536 2377; x_wconf 79' lang='lat' dir='ltr'><strong><em>te</em></strong></span> <span class='ocrx_word' id='word_1_162' title='bbox 559 2313 736 2394; x_wconf 88' lang='lat' dir='ltr'><strong><em>operarium</em></strong></span> <span class='ocrx_word' id='word_1_163' title='bbox 760 2311 903 2377; x_wconf 92' lang='lat' dir='ltr'><strong><em>dolosum</em></strong></span> <span class='ocrx_word' id='word_1_164' title='bbox 924 2314 1194 2395; x_wconf 80' lang='lat' dir='ltr'><strong><em>pseudoehnisiia-</em></strong></span> 
     </span>
     <span class='ocr_line' id='line_1_20' title="bbox 60 2414 1194 2508; baseline 0.004 -30"><span class='ocrx_word' id='word_1_165' title='bbox 60 2434 151 2479; x_wconf 90' lang='lat' dir='ltr'><strong><em>num.</em></strong></span> <span class='ocrx_word' id='word_1_166' title='bbox 192 2434 252 2479; x_wconf 91' lang='lat' dir='ltr'><strong><em>non</em></strong></span> <span class='ocrx_word' id='word_1_167' title='bbox 276 2415 349 2479; x_wconf 78' lang='lat' dir='ltr'><strong><em>sunt</em></strong></span> <span class='ocrx_word' id='word_1_168' title='bbox 369 2414 506 2496; x_wconf 90' lang='lat' dir='ltr'><strong><em>primum</em></strong></span> <span class='ocrx_word' id='word_1_169' title='bbox 528 2434 584 2498; x_wconf 86' lang='lat' dir='ltr'><strong><em>per</em></strong></span> <span class='ocrx_word' id='word_1_170' title='bbox 605 2434 657 2478; x_wconf 86' lang='lat' dir='ltr'><strong><em>me</em></strong></span> <span class='ocrx_word' id='word_1_171' title='bbox 688 2415 856 2480; x_wconf 87' lang='lat' dir='ltr'><strong><em>aduersum</em></strong></span> <span class='ocrx_word' id='word_1_172' title='bbox 877 2416 910 2480; x_wconf 85' lang='lat' dir='ltr'><strong><em>te</em></strong></span> <span class='ocrx_word' id='word_1_173' title='bbox 932 2416 1063 2499; x_wconf 80' lang='lat' dir='ltr'><strong><em>prolata.</em></strong></span> <span class='ocrx_word' id='word_1_174' title='bbox 1104 2416 1194 2508; x_wconf 88' lang='lat' dir='ltr'><strong><em>audis</em></strong></span> 
     </span>
     <span class='ocr_line' id='line_1_21' title="bbox 34 2517 1192 2609; baseline 0.001 -25"><span class='ocrx_word' id='word_1_175' title='bbox 34 2520 187 2609; x_wconf 76' lang='lat' dir='ltr'><strong><em>⁰eienjm</em></strong></span> <span class='ocrx_word' id='word_1_176' title='bbox 214 2519 342 2585; x_wconf 82' lang='lat' dir='ltr'><strong><em>beatum</em></strong></span> <span class='ocrx_word' id='word_1_177' title='bbox 372 2517 549 2600; x_wconf 82' lang='lat' dir='ltr'><strong><em>apostolum</em></strong></span> <span class='ocrx_word' id='word_1_178' title='bbox 578 2518 755 2600; x_wconf 89' lang='lat' dir='ltr'><strong><em>operarium</em></strong></span> <span class='ocrx_word' id='word_1_179' title='bbox 776 2519 809 2582; x_wconf 79' lang='lat' dir='ltr'><strong><em>te</em></strong></span> <span class='ocrx_word' id='word_1_180' title='bbox 833 2519 1015 2602; x_wconf 83' lang='lat' dir='ltr'><strong><em>designasse</em></strong></span> <span class='ocrx_word' id='word_1_181' title='bbox 1040 2519 1192 2600; x_wconf 82' lang='lat' dir='ltr'><strong><em>dolosum,</em></strong></span> 
     </span>
     <span class='ocr_line' id='line_1_22' title="bbox 61 2621 1194 2712; baseline -0.002 -22"><span class='ocrx_word' id='word_1_182' title='bbox 61 2622 383 2706; x_wconf 78' lang='lat' dir='ltr'><strong><em>pseudoapostolum:</em></strong></span> <span class='ocrx_word' id='word_1_183' title='bbox 406 2641 484 2687; x_wconf 69' lang='lat' dir='ltr'><strong><em>uasa</em></strong></span> <span class='ocrx_word' id='word_1_184' title='bbox 506 2622 661 2687; x_wconf 79' lang='lat' dir='ltr'><strong><em>eiusmodi</em></strong></span> <span class='ocrx_word' id='word_1_185' title='bbox 675 2621 932 2704; x_wconf 79' lang='lat' dir='ltr'><strong><em>pseudoapostoli</em></strong></span> <span class='ocrx_word' id='word_1_186' title='bbox 954 2627 1032 2712; x_wconf 72' lang='lat' dir='ltr'><strong><em>sunt</em></strong></span> <span class='ocrx_word' id='word_1_187' title='bbox 1052 2624 1194 2705; x_wconf 81' lang='lat' dir='ltr'><strong><em>operarii</em></strong></span> 
     </span>
     <span class='ocr_line' id='line_1_23' title="bbox 61 2724 1193 2810; baseline -0.004 -16"><span class='ocrx_word' id='word_1_188' title='bbox 61 2729 174 2806; x_wconf 82' lang='lat' dir='ltr'><strong><em>dodosi,</em></strong></span> <span class='ocrx_word' id='word_1_189' title='bbox 208 2727 476 2810; x_wconf 73' lang='lat' dir='ltr'><strong><em>trousfipurautes</em></strong></span> <span class='ocrx_word' id='word_1_190' title='bbox 502 2745 535 2790; x_wconf 87' lang='lat' dir='ltr'><strong><em>se</em></strong></span> <span class='ocrx_word' id='word_1_191' title='bbox 562 2726 600 2789; x_wconf 84' lang='lat' dir='ltr'><strong><em>in</em></strong></span> <span class='ocrx_word' id='word_1_192' title='bbox 623 2725 780 2807; x_wconf 83' lang='lat' dir='ltr'><strong><em>apostotos</em></strong></span> <span class='ocrx_word' id='word_1_193' title='bbox 803 2724 934 2791; x_wconf 74' lang='lat' dir='ltr'><strong><em>Christi.</em></strong></span> <span class='ocrx_word' id='word_1_194' title='bbox 978 2746 1036 2792; x_wconf 79' lang='lat' dir='ltr'><strong><em>nee</em></strong></span> <span class='ocrx_word' id='word_1_195' title='bbox 1063 2727 1193 2810; x_wconf 80' lang='lat' dir='ltr'><strong><em>miram,</em></strong></span> 
     </span>
     <span class='ocr_line' id='line_1_24' title="bbox 62 2817 1192 2913; baseline -0.003 -17"><span class='ocrx_word' id='word_1_196' title='bbox 62 2833 135 2913; x_wconf 84' lang='lat' dir='ltr'><strong><em>ipse</em></strong></span> <span class='ocrx_word' id='word_1_197' title='bbox 157 2832 244 2895; x_wconf 80' lang='lat' dir='ltr'><strong><em>euim</em></strong></span> <span class='ocrx_word' id='word_1_198' title='bbox 266 2834 403 2895; x_wconf 79' lang='lat' dir='ltr'><strong><em>satanas</em></strong></span> <span class='ocrx_word' id='word_1_199' title='bbox 424 2817 639 2912; x_wconf 71' lang='lat' dir='ltr'><strong><em>trunsfipurot</em></strong></span> <span class='ocrx_word' id='word_1_200' title='bbox 664 2847 698 2892; x_wconf 86' lang='lat' dir='ltr'><strong><em>se</em></strong></span> <span class='ocrx_word' id='word_1_201' title='bbox 723 2829 806 2893; x_wconf 84' lang='lat' dir='ltr'><strong><em>sieut</em></strong></span> <span class='ocrx_word' id='word_1_202' title='bbox 833 2829 965 2911; x_wconf 80' lang='lat' dir='ltr'><strong><em>uapetus</em></strong></span> <span class='ocrx_word' id='word_1_203' title='bbox 993 2830 1091 2910; x_wconf 81' lang='lat' dir='ltr'><strong><em>taeis;</em></strong></span> <span class='ocrx_word' id='word_1_204' title='bbox 1125 2849 1192 2894; x_wconf 84' lang='lat' dir='ltr'><strong><em>uou</em></strong></span> 
     </span>
     <span class='ocr_line' id='line_1_25' title="bbox 63 2931 1177 3018; baseline -0.002 -19"><span class='ocrx_word' id='word_1_205' title='bbox 63 2955 222 3018; x_wconf 73' lang='lat' dir='ltr'>mappam</span> <span class='ocrx_word' id='word_1_206' title='bbox 242 2935 274 2999; x_wconf 83' lang='lat' dir='ltr'><strong><em>si</em></strong></span> <span class='ocrx_word' id='word_1_207' title='bbox 287 2932 431 2998; x_wconf 78' lang='lat' dir='ltr'><strong><em>ministri</em></strong></span> <span class='ocrx_word' id='word_1_208' title='bbox 446 2932 515 2997; x_wconf 83' lang='lat' dir='ltr'><strong><em>eius</em></strong></span> <span class='ocrx_word' id='word_1_209' title='bbox 529 2932 816 3015; x_wconf 72' lang='lat' dir='ltr'><strong><em>transfipuruatur‚</em></strong></span> <span class='ocrx_word' id='word_1_210' title='bbox 840 2931 924 2996; x_wconf 82' lang='lat' dir='ltr'><strong><em>sieut</em></strong></span> <span class='ocrx_word' id='word_1_211' title='bbox 936 2933 1082 2997; x_wconf 78' lang='lat' dir='ltr'><strong><em>ministri</em></strong></span> <span class='ocrx_word' id='word_1_212' title='bbox 1096 2934 1177 2997; x_wconf 82' lang='lat' dir='ltr'><strong><em>iust‘</em></strong></span> 
     </span>
     <span class='ocr_line' id='line_1_26' title="bbox 33 3035 1191 3120; baseline -0.002 -18"><span class='ocrx_word' id='word_1_213' title='bbox 33 3038 140 3116; x_wconf 69' lang='lat' dir='ltr'><strong><em>stiae,</em></strong></span> <span class='ocrx_word' id='word_1_214' title='bbox 165 3057 299 3120; x_wconf 78' lang='lat' dir='ltr'><strong><em>quorum</em></strong></span> <span class='ocrx_word' id='word_1_215' title='bbox 321 3037 399 3118; x_wconf 71' lang='lat' dir='ltr'><strong><em>fiais</em></strong></span> <span class='ocrx_word' id='word_1_216' title='bbox 420 3040 465 3100; x_wconf 83' lang='lat' dir='ltr'><strong><em>est</em></strong></span> <span class='ocrx_word' id='word_1_217' title='bbox 486 3035 658 3100; x_wconf 72' lang='lat' dir='ltr'><strong><em>swuudam</em></strong></span> <span class='ocrx_word' id='word_1_218' title='bbox 683 3035 899 3117; x_wconf 80' lang='lat' dir='ltr'><strong><em>operationem</em></strong></span> <span class='ocrx_word' id='word_1_219' title='bbox 921 3037 1073 3118; x_wconf 78' lang='lat' dir='ltr'><strong><em>ipsorum,</em></strong></span> <span class='ocrx_word' id='word_1_220' title='bbox 1119 3038 1191 3101; x_wconf 87' lang='lat' dir='ltr'><strong><em>hino</em></strong></span> 
     </span>
     <span class='ocr_line' id='line_1_27' title="bbox 63 3139 1193 3223; baseline 0.001 -20"><span class='ocrx_word' id='word_1_221' title='bbox 63 3140 124 3205; x_wconf 80' lang='lat' dir='ltr'><strong><em>tibi</em></strong></span> <span class='ocrx_word' id='word_1_222' title='bbox 146 3139 259 3205; x_wconf 86' lang='lat' dir='ltr'><strong><em>uideor</em></strong></span> <span class='ocrx_word' id='word_1_223' title='bbox 282 3159 351 3204; x_wconf 89' lang='lat' dir='ltr'><strong><em>esse</em></strong></span> <span class='ocrx_word' id='word_1_224' title='bbox 373 3142 536 3222; x_wconf 83' lang='lat' dir='ltr'><strong><em>superbus,</em></strong></span> <span class='ocrx_word' id='word_1_225' title='bbox 561 3141 634 3223; x_wconf 87' lang='lat' dir='ltr'><strong><em>quia</em></strong></span> <span class='ocrx_word' id='word_1_226' title='bbox 658 3142 763 3206; x_wconf 81' lang='lat' dir='ltr'><strong><em>dicam</em></strong></span> <span class='ocrx_word' id='word_1_227' title='bbox 784 3142 817 3206; x_wconf 78' lang='lat' dir='ltr'><strong><em>te</em></strong></span> <span class='ocrx_word' id='word_1_228' title='bbox 841 3159 1032 3223; x_wconf 78' lang='lat' dir='ltr'><strong><em>cognoscens</em></strong></span> <span class='ocrx_word' id='word_1_229' title='bbox 1054 3159 1091 3204; x_wconf 84' lang='lat' dir='ltr'><strong><em>ex</em></strong></span> <span class='ocrx_word' id='word_1_230' title='bbox 1110 3141 1193 3216; x_wconf 74' lang='lat' dir='ltr'><strong><em>aeti·¹</em></strong></span> 
     </span>
     <span class='ocr_line' id='line_1_28' title="bbox 64 3243 1193 3327; baseline 0 -19"><span class='ocrx_word' id='word_1_231' title='bbox 64 3245 125 3309; x_wconf 88' lang='lat' dir='ltr'><strong><em>bus</em></strong></span> <span class='ocrx_word' id='word_1_232' title='bbox 147 3245 214 3310; x_wconf 80' lang='lat' dir='ltr'><strong><em>tuis</em></strong></span> <span class='ocrx_word' id='word_1_233' title='bbox 236 3264 274 3308; x_wconf 84' lang='lat' dir='ltr'><strong><em>ex</em></strong></span> <span class='ocrx_word' id='word_1_234' title='bbox 294 3244 358 3309; x_wconf 83' lang='lat' dir='ltr'><strong><em>illis</em></strong></span> <span class='ocrx_word' id='word_1_235' title='bbox 381 3263 460 3323; x_wconf 80' lang='lat' dir='ltr'><strong><em>esse,</em></strong></span> <span class='ocrx_word' id='word_1_236' title='bbox 490 3263 568 3327; x_wconf 87' lang='lat' dir='ltr'><strong><em>quos</em></strong></span> <span class='ocrx_word' id='word_1_237' title='bbox 588 3245 672 3310; x_wconf 84' lang='lat' dir='ltr'><strong><em>tales</em></strong></span> <span class='ocrx_word' id='word_1_238' title='bbox 692 3245 815 3310; x_wconf 80' lang='lat' dir='ltr'><strong><em>nonos</em></strong></span> <span class='ocrx_word' id='word_1_239' title='bbox 838 3244 964 3326; x_wconf 78' lang='lat' dir='ltr'><strong><em>spiritus</em></strong></span> <span class='ocrx_word' id='word_1_240' title='bbox 988 3243 1115 3308; x_wconf 77' lang='lat' dir='ltr'><strong><em>sanetus</em></strong></span> <span class='ocrx_word' id='word_1_241' title='bbox 1137 3263 1193 3325; x_wconf 85' lang='lat' dir='ltr'><strong><em>per</em></strong></span> 
     </span>
     <span class='ocr_line' id='line_1_29' title="bbox 67 3347 1192 3430; baseline 0.002 -20"><span class='ocrx_word' id='word_1_242' title='bbox 67 3348 245 3429; x_wconf 86' lang='lat' dir='ltr'><strong><em>apostolum</em></strong></span> <span class='ocrx_word' id='word_1_243' title='bbox 266 3348 524 3430; x_wconf 80' lang='lat' dir='ltr'><strong><em>praeostenderit.</em></strong></span> <span class='ocrx_word' id='word_1_244' title='bbox 550 3349 576 3414; x_wconf 93' lang='lat' dir='ltr'><strong><em>si</em></strong></span> <span class='ocrx_word' id='word_1_245' title='bbox 598 3368 658 3413; x_wconf 91' lang='lat' dir='ltr'><strong><em>uon</em></strong></span> <span class='ocrx_word' id='word_1_246' title='bbox 682 3367 715 3414; x_wconf 89' lang='lat' dir='ltr'><strong><em>es</em></strong></span> <span class='ocrx_word' id='word_1_247' title='bbox 737 3350 774 3414; x_wconf 80' lang='lat' dir='ltr'><strong><em>tu</em></strong></span> <span class='ocrx_word' id='word_1_248' title='bbox 796 3348 955 3430; x_wconf 83' lang='lat' dir='ltr'><strong><em>operarius</em></strong></span> <span class='ocrx_word' id='word_1_249' title='bbox 979 3347 1114 3426; x_wconf 80' lang='lat' dir='ltr'><strong><em>dolosus,</em></strong></span> <span class='ocrx_word' id='word_1_250' title='bbox 1138 3366 1192 3412; x_wconf 89' lang='lat' dir='ltr'><strong><em>re-</em></strong></span> 
     </span>
     <span class='ocr_line' id='line_1_30' title="bbox 65 3450 1192 3534; baseline 0.001 -19"><span class='ocrx_word' id='word_1_251' title='bbox 65 3451 159 3515; x_wconf 90' lang='lat' dir='ltr'><strong><em>uinoe</em></strong></span> <span class='ocrx_word' id='word_1_252' title='bbox 182 3471 250 3527; x_wconf 83' lang='lat' dir='ltr'><strong><em>me3</em></strong></span> <span class='ocrx_word' id='word_1_253' title='bbox 285 3470 343 3534; x_wconf 82' lang='lat' dir='ltr'><strong><em>ego</em></strong></span> <span class='ocrx_word' id='word_1_254' title='bbox 366 3451 448 3516; x_wconf 90' lang='lat' dir='ltr'><strong><em>enim</em></strong></span> <span class='ocrx_word' id='word_1_255' title='bbox 471 3452 536 3516; x_wconf 87' lang='lat' dir='ltr'><strong><em>seio</em></strong></span> <span class='ocrx_word' id='word_1_256' title='bbox 564 3451 648 3534; x_wconf 90' lang='lat' dir='ltr'><strong><em>quod</em></strong></span> <span class='ocrx_word' id='word_1_257' title='bbox 674 3451 767 3534; x_wconf 80' lang='lat' dir='ltr'><strong><em>fingis</em></strong></span> <span class='ocrx_word' id='word_1_258' title='bbox 794 3452 827 3516; x_wconf 88' lang='lat' dir='ltr'><strong><em>te</em></strong></span> <span class='ocrx_word' id='word_1_259' title='bbox 857 3450 1083 3530; x_wconf 77' lang='lat' dir='ltr'><strong><em>Christianum,</em></strong></span> <span class='ocrx_word' id='word_1_260' title='bbox 1120 3469 1192 3516; x_wconf 87' lang='lat' dir='ltr'><strong><em>oum</em></strong></span> 
     </span>
     <span class='ocr_line' id='line_1_31' title="bbox 33 3553 1190 3633; baseline 0.002 -15"><span class='ocrx_word' id='word_1_261' title='bbox 33 3553 219 3620; x_wconf 66' lang='lat' dir='ltr'><strong><em>”Amanum</em></strong></span> <span class='ocrx_word' id='word_1_262' title='bbox 247 3555 306 3633; x_wconf 78' lang='lat' dir='ltr'><strong><em>sis,</em></strong></span> <span class='ocrx_word' id='word_1_263' title='bbox 339 3573 447 3618; x_wconf 91' lang='lat' dir='ltr'><strong><em>omnes</em></strong></span> <span class='ocrx_word' id='word_1_264' title='bbox 468 3572 525 3618; x_wconf 91' lang='lat' dir='ltr'><strong><em>nos</em></strong></span> <span class='ocrx_word' id='word_1_265' title='bbox 548 3553 685 3619; x_wconf 84' lang='lat' dir='ltr'><strong><em>uolueris</em></strong></span> <span class='ocrx_word' id='word_1_266' title='bbox 710 3572 819 3618; x_wconf 88' lang='lat' dir='ltr'><strong><em>seruos</em></strong></span> <span class='ocrx_word' id='word_1_267' title='bbox 843 3553 931 3620; x_wconf 85' lang='lat' dir='ltr'><strong><em>cuius</em></strong></span> <span class='ocrx_word' id='word_1_268' title='bbox 953 3553 988 3618; x_wconf 77' lang='lat' dir='ltr'><strong><em>tu</em></strong></span> <span class='ocrx_word' id='word_1_269' title='bbox 1012 3554 1132 3619; x_wconf 79' lang='lat' dir='ltr'><strong><em>satellis</em></strong></span> <span class='ocrx_word' id='word_1_270' title='bbox 1156 3575 1190 3620; x_wconf 88' lang='lat' dir='ltr'><strong><em>es</em></strong></span> 
     </span>
    </p>
   </div>
   <div class='ocr_carea' id='block_1_3' title="bbox 169 3789 727 3861">
    <p class='ocr_par' dir='ltr' id='par_1_4' title="bbox 169 3789 727 3861">
     <span class='ocr_line' id='line_1_32' title="bbox 169 3789 727 3861; baseline -0.004 -13"><span class='ocrx_word' id='word_1_271' title='bbox 169 3791 230 3848; x_wconf 85' lang='lat' dir='ltr'><strong><em>sn</em></strong></span> <span class='ocrx_word' id='word_1_272' title='bbox 246 3793 305 3849; x_wconf 68' lang='grc' dir='ltr'><strong><em>θοι.</em></strong></span> <span class='ocrx_word' id='word_1_273' title='bbox 325 3793 365 3861; x_wconf 88' lang='grc'><strong><em>11,</em></strong></span> <span class='ocrx_word' id='word_1_274' title='bbox 385 3793 451 3847; x_wconf 80' lang='grc'><strong>1-3</strong></span> <span class='ocrx_word' id='word_1_275' title='bbox 520 3793 552 3846; x_wconf 79' lang='lat'><strong><em>21</em></strong></span> <span class='ocrx_word' id='word_1_276' title='bbox 571 3793 607 3847; x_wconf 83' lang='lat' dir='ltr'><strong><em>u.</em></strong></span> <span class='ocrx_word' id='word_1_277' title='bbox 626 3789 727 3846; x_wconf 66' lang='lat' dir='ltr'><strong><em>les-15</em></strong></span> 
     </span>
    </p>
   </div>
   <div class='ocr_carea' id='block_1_4' title="bbox 68 4016 1194 4341">
    <p class='ocr_par' dir='ltr' id='par_1_5' title="bbox 68 4016 1194 4341">
     <span class='ocr_line' id='line_1_33' title="bbox 119 4016 1124 4085; baseline 0.002 -17"><span class='ocrx_word' id='word_1_278' title='bbox 119 4017 243 4085; x_wconf 81' lang='lat' dir='ltr'><strong><em>litaque</em></strong></span> <span class='ocrx_word' id='word_1_279' title='bbox 260 4017 327 4082; x_wconf 76' lang='lat' dir='ltr'><strong><em>sort.</em></strong></span> <span class='ocrx_word' id='word_1_280' title='bbox 430 4016 510 4084; x_wconf 86' lang='lat' dir='ltr'><strong><em>4qui</em></strong></span> <span class='ocrx_word' id='word_1_281' title='bbox 528 4018 573 4069; x_wconf 86' lang='lat' dir='ltr'><strong><em>aet</em></strong></span> <span class='ocrx_word' id='word_1_282' title='bbox 594 4018 625 4080; x_wconf 90' lang='lat' dir='ltr'><strong><em>V,</em></strong></span> <span class='ocrx_word' id='word_1_283' title='bbox 652 4017 695 4084; x_wconf 87' lang='lat' dir='ltr'><strong><em>qui</em></strong></span> <span class='ocrx_word' id='word_1_284' title='bbox 718 4018 779 4070; x_wconf 85' lang='lat' dir='ltr'><strong><em>eto</em></strong></span> <span class='ocrx_word' id='word_1_285' title='bbox 882 4017 1124 4070; x_wconf 71' lang='lat' dir='ltr'><strong><em>anteusus</em></strong></span> 
     </span>
     <span class='ocr_line' id='line_1_34' title="bbox 70 4100 1194 4172; baseline 0.001 -19"><span class='ocrx_word' id='word_1_286' title='bbox 70 4100 99 4154; x_wconf 95' lang='grc'><strong><em>11</em></strong></span> <span class='ocrx_word' id='word_1_287' title='bbox 118 4104 279 4172; x_wconf 75' lang='lat' dir='ltr'><strong><em>¹timeautem</em></strong></span> <span class='ocrx_word' id='word_1_288' title='bbox 381 4103 416 4156; x_wconf 83' lang='lat'><strong><em>14</em></strong></span> <span class='ocrx_word' id='word_1_289' title='bbox 438 4102 561 4156; x_wconf 78' lang='lat' dir='ltr'><strong><em>tilitmens</em></strong></span> <span class='ocrx_word' id='word_1_290' title='bbox 663 4102 817 4170; x_wconf 88' lang='lat' dir='ltr'><strong><em>basphemia</em></strong></span> <span class='ocrx_word' id='word_1_291' title='bbox 840 4104 887 4156; x_wconf 75' lang='lat' dir='ltr'><strong><em>tna</em></strong></span> <span class='ocrx_word' id='word_1_292' title='bbox 905 4102 933 4170; x_wconf 66' lang='lat'><strong><em>(²</em></strong></span> <span class='ocrx_word' id='word_1_293' title='bbox 950 4117 1039 4170; x_wconf 82' lang='lat' dir='ltr'><strong><em>supro</em></strong></span> <span class='ocrx_word' id='word_1_294' title='bbox 1057 4117 1073 4154; x_wconf 90' lang='lat' dir='ltr'>a</span> <span class='ocrx_word' id='word_1_295' title='bbox 1090 4101 1122 4154; x_wconf 82' lang='lat' dir='ltr'><strong><em>tu</em></strong></span> <span class='ocrx_word' id='word_1_296' title='bbox 1139 4101 1194 4167; x_wconf 73' lang='lat' dir='ltr'><strong><em>fiete</em></strong></span> 
     </span>
     <span class='ocr_line' id='line_1_35' title="bbox 68 4184 1193 4258; baseline -0.002 -17"><span class='ocrx_word' id='word_1_297' title='bbox 68 4189 215 4258; x_wconf 71' lang='lat' dir='ltr'><strong><em>utriumque</em></strong></span> <span class='ocrx_word' id='word_1_298' title='bbox 232 4188 363 4244; x_wconf 79' lang='lat' dir='ltr'><strong><em>uosaduii</em></strong></span> <span class='ocrx_word' id='word_1_299' title='bbox 381 4189 476 4254; x_wconf 81' lang='lat' dir='ltr'><strong><em>erasa)</em></strong></span> <span class='ocrx_word' id='word_1_300' title='bbox 499 4189 530 4252; x_wconf 91' lang='lat' dir='ltr'><strong><em>V,</em></strong></span> <span class='ocrx_word' id='word_1_301' title='bbox 553 4186 730 4256; x_wconf 85' lang='lat' dir='ltr'><strong><em>blasphemias</em></strong></span> <span class='ocrx_word' id='word_1_302' title='bbox 747 4189 843 4241; x_wconf 78' lang='lat' dir='ltr'><strong><em>iussu</em></strong></span> <span class='ocrx_word' id='word_1_303' title='bbox 929 4186 960 4239; x_wconf 82' lang='grc'><strong><em>11</em></strong></span> <span class='ocrx_word' id='word_1_304' title='bbox 985 4185 1056 4238; x_wconf 86' lang='lat' dir='ltr'><strong><em>ducis</em></strong></span> <span class='ocrx_word' id='word_1_305' title='bbox 1078 4187 1108 4254; x_wconf 86' lang='lat' dir='ltr'><strong><em>V,</em></strong></span> <span class='ocrx_word' id='word_1_306' title='bbox 1127 4184 1193 4240; x_wconf 86' lang='lat' dir='ltr'><strong><em>diois</em></strong></span> 
     </span>
     <span class='ocr_line' id='line_1_36' title="bbox 70 4272 834 4341; baseline -0.001 -15"><span class='ocrx_word' id='word_1_307' title='bbox 70 4288 85 4326; x_wconf 83' lang='lat' dir='ltr'><strong><em>o</em></strong></span> <span class='ocrx_word' id='word_1_308' title='bbox 151 4273 364 4328; x_wconf 67' lang='grc'><strong>2511111111-</strong></span> <span class='ocrx_word' id='word_1_309' title='bbox 409 4272 443 4329; x_wconf 81' lang='lat'><strong><em>26</em></strong></span> <span class='ocrx_word' id='word_1_310' title='bbox 462 4275 650 4341; x_wconf 80' lang='lat' dir='ltr'><strong><em>cognoscentes</em></strong></span> <span class='ocrx_word' id='word_1_311' title='bbox 719 4272 752 4324; x_wconf 81' lang='lat'><strong><em>27</em></strong></span> <span class='ocrx_word' id='word_1_312' title='bbox 771 4273 834 4326; x_wconf 85' lang='lat' dir='ltr'><strong><em>talis</em></strong></span> 
     </span>
    </p>
   </div>
   <div class='ocr_carea' id='block_1_5' title="bbox 0 0 1530 5000">
    <p class='ocr_par' dir='ltr' id='par_1_6' title="bbox 0 0 1530 5000">
     <span class='ocr_line' id='line_1_37' title="bbox 0 0 1530 5000; baseline 0 3"><span class='ocrx_word' id='word_1_313' title='bbox 0 0 1530 5000; x_wconf 95' lang='lat' dir='ltr'><strong><em> </em></strong></span> 
     </span>
    </p>
   </div>
  </div>
 </body>
</html>
