3050 5000
272 352 335 419 180
759 350 906 407 Luciferi

214 522 220 539 ⁶
273 541 381 624 accipe
403 558 484 623 queo
505 542 539 605 te
561 541 646 605 circu
667 560 724 605 nos
746 541 851 605 fecere
871 540 999 606 iusserit
1015 542 1159 607 dominus
1176 542 1307 607 dicens:
1324 538 1413 621 quood

271 646 301 709 ct
318 644 499 725 peccauerit
519 645 559 708 in
578 649 609 708 te
629 644 732 725 frater
753 648 837 724 tuus,
860 645 943 711 oudo
964 650 994 710 et
1015 648 1136 729 corripe
1157 668 1230 712 eum
1256 648 1348 711 inter
1380 650 1411 709 te

272 752 302 812 et
322 749 430 829 ipsum
451 746 572 830 sotrum
591 752 622 813 et
641 749 672 813 si
693 749 844 833 erudierit,
869 748 1011 814 lucratus
1032 750 1095 814 eris
1122 749 1259 832 fratrem
1289 754 1408 828 tuum,-

271 851 302 915 si
323 854 429 916 autem
450 870 514 916 non
536 855 565 914 te
586 851 738 936 audierit,
760 850 874 917 cobibe
888 856 986 917 tecum
1002 852 1221 919 adbocatum
1238 853 1295 917 uel
1312 853 1406 933 duce,

273 959 309 1019 ut
329 956 368 1019 iu
389 974 441 1019 ore
462 955 598 1019 duorum
618 955 670 1020 uel
691 957 791 1021 trium
813 956 939 1021 testium
959 961 1017 1021 stet
1038 976 1130 1023 omno
1150 956 1292 1023 uerbum.
1319 958 1406 1037 quod
1432 974 1442 1013 ε

273 1059 389 1123 meon
410 1057 550 1123 auderit
577 1076 636 1144 eos,
664 1058 716 1124 dic
745 1058 911 1139 ecclestce;
946 1061 975 1124 ci
1005 1065 1111 1127 comm
1138 1060 1302 1127 ecclesium
1331 1081 1402 1125 non

273 1162 423 1246 audierit,
446 1165 487 1225 sit
508 1162 567 1226 coi
588 1165 752 1242 tamquam
774 1160 916 1225 ethnicus
938 1166 968 1225 et
982 1162 1188 1244 publicanus.
1219 1182 1294 1227 cum
1318 1164 1401 1227 baec

274 1284 335 1330 non
357 1265 469 1330 leceris
492 1283 573 1347 quee
596 1265 793 1347 praeceperit
820 1264 963 1330 dominus
991 1265 1070 1344 fieri,
1103 1285 1175 1332 cum
1204 1286 1265 1332 non
1296 1267 1405 1332 solnm

274 1369 310 1432 tu
331 1368 452 1453 in<ter>
465 1370 499 1433 te
522 1369 555 1434 et
576 1388 632 1434 nos
647 1388 707 1434 non
722 1370 889 1448 monueris,
920 1370 1032 1452 quibus
1054 1370 1272 1451 praesentibus
1297 1370 1407 1434 Atha-

275 1474 398 1538 nasium
421 1492 517 1538 unum
541 1493 557 1537 e
580 1473 669 1537 nobis
691 1472 895 1537 conuinceres
917 1491 1006 1537 reum
1030 1472 1136 1553 brisso,
1172 1472 1229 1538 sed
1258 1474 1442 1555 coegerisn

277 1596 348 1640 eum
366 1576 543 1641 inauditum
574 1578 709 1641 anobis
738 1577 880 1641 damnari
909 1577 1187 1644 consacerdotibus
1217 1578 1294 1655 suis,
1334 1596 1409 1641 cum

277 1680 307 1742 ei
322 1678 516 1744 audientium
531 1679 708 1756 abstuleris,
724 1680 881 1761 quomodo
897 1698 953 1745 nos
967 1680 1002 1743 tu
1016 1681 1098 1745 iuste
1113 1682 1230 1763 poteris
1245 1682 1410 1755 incusare,

277 1782 362 1863 quod
378 1782 460 1845 enim
475 1782 699 1864 deliquerimus
712 1783 745 1847 in
760 1784 803 1860 te,
827 1783 905 1847 nibil
918 1784 1030 1848 borum
1045 1784 1268 1849 mendatorum
1283 1784 1410 1848 domini

278 1906 350 1951 cum
372 1887 574 1969 impleberis?
597 1905 653 1950 cur
675 1904 732 1951 nos
753 1889 820 1951 tom
842 1886 956 1951 infeste
979 1888 1185 1970 persequeris,
1210 1906 1284 1951 cum
1301 1888 1410 1969 magis

277 1991 313 2053 tu
337 1991 380 2055 sis
401 2009 474 2055 reus
496 1991 787 2074 praeuaricationis,
811 1991 864 2073 qui
886 1992 1015 2055 minime
1038 1992 1124 2055 circe
1145 2010 1201 2056 nos
1229 1992 1329 2073 prout
1350 1991 1445 2055 tibin

279 2094 368 2159 dedit
389 2094 539 2160 mandute
562 2096 614 2160 dei
636 2096 746 2161 unicus
761 2094 847 2159 filius
863 2095 975 2177 egeris,
1000 2095 1058 2160 sed
1073 2096 1127 2177 qui
1141 2095 1234 2176 prout
1248 2094 1412 2177 placuerit

278 2198 404 2263 inimico
419 2200 525 2263 nostro
542 2199 666 2264 diabolo
682 2200 798 2264 cuncto
811 2199 971 2281 gesseris?
993 2199 1080 2264 illius
1095 2199 1212 2263 etenim
1227 2199 1278 2263 est
1292 2199 1411 2262 buius-

278 2300 364 2366 modi
386 2302 561 2380 consilium,
584 2302 671 2367 illius
691 2302 768 2367 tulis
789 2302 945 2380 noluntas,
974 2304 1011 2367 ut
1038 2302 1198 2368 inauditus
1222 2302 1407 2377 damnetur,

279 2406 316 2468 ut
336 2406 450 2470 ebsens
465 2404 684 2484 interficietur,
707 2408 743 2470 ut
756 2405 932 2471 innocentis
948 2424 1039 2471 cruor
1054 2405 1219 2480 fundatum
1243 2425 1322 2469 cum
1339 2424 1410 2481 non,

277 2511 416 2593 inquom,
440 2528 506 2574 rem
531 2511 632 2592 egeris
656 2529 693 2576 eo
717 2511 812 2576 modo
835 2529 897 2592 quo
920 2511 1048 2575 iusserit
1074 2511 1106 2574 te
1131 2528 1225 2593 egere
1249 2510 1410 2586 dominus,
1426 2531 1446 2570 e

280 2613 367 2678 bristi
390 2631 485 2677 ausus
506 2613 643 2695 perferre
666 2612 849 2678 edbertum
866 2614 1043 2692 ecclesium,
1067 2613 1153 2677 fuisti
1170 2631 1267 2677 ausus
1284 2612 1414 2677 dicero:

274 2717 424 2798 peccauit
452 2715 655 2780 Athanasius
684 2721 713 2781 et
740 2717 825 2782 cebet
858 2717 897 2782 ab
925 2717 1069 2782 munibus
1102 2719 1171 2782 eos
1197 2717 1413 2782 condemnari

282 2820 468 2884 communio.
498 2818 555 2882 sed
578 2819 653 2900 quid
676 2820 781 2884 dicere
804 2820 995 2901 temptabis?
1028 2821 1065 2886 io
1086 2821 1179 2884 mum
1200 2821 1362 2902 deliquit,·
1385 2823 1416 2884 ct

282 2941 356 2986 ecce
377 2921 510 2986 inueniri
533 2941 591 2986 non
615 2923 720 3004 potest
741 2923 826 3004 quod
848 2924 879 2987 in
903 2923 997 2988 deum
1019 2923 1198 3005 deliquerit,
1221 2923 1249 2987 si
1273 2922 1407 3004 quidem

281 3044 381 3108 neque
403 3026 440 3088 tu
461 3044 561 3107 neque
585 3025 791 3108 consacrilegi
812 3026 861 3092 tui
883 3025 940 3090 filii
954 3027 1130 3092 meretricis
1152 3027 1298 3092 haeresis
1314 3028 1447 3092 Arri-2⁵

282 3149 360 3194 enoc
392 3130 519 3211 possitis
546 3130 645 3194 testes
679 3129 804 3193 admitti
836 3130 946 3194 contra
962 3129 1169 3194 {catholicum
1205 3130 1404 3212 episcopum.

283 3232 425 3299 dominus
449 3233 562 3296 etenim
585 3232 773 3314 loquebatur
803 3231 842 3295 de
871 3231 972 3296 tribus
1001 3233 1165 3297 catholicis
1192 3232 1346 3312 testibus,
1373 3233 1409 3297 de

282 3336 382 3399 seruis
403 3336 580 3401 maiestatis
603 3355 689 3414 suec,
726 3337 763 3399 ut
783 3335 848 3399 illis
877 3335 1022 3400 crederet
1049 3336 1144 3400 beete
1172 3335 1323 3415 ecclesie,
1355 3357 1414 3401 non

283 3438 373 3503 uobis
395 3439 541 3525 prolenis,
576 3458 613 3504 ex
642 3439 797 3504 adulterio
828 3438 866 3504 de
888 3439 1053 3504 meretrice
1076 3439 1168 3504 netis.
1214 3442 1365 3504 ceterum
1390 3443 1415 3504 si

283 3558 344 3605 non
370 3542 417 3604 ita
443 3543 657 3624 acceperimus
686 3542 804 3607 domini
831 3542 917 3607 istud
945 3542 1164 3624 praeceptum,
1199 3544 1355 3624 poterunt
1384 3545 1416 3607 et
1429 3559 1449 3598 u

282 3642 409 3707 Saturni
438 3645 531 3726 etque
561 3646 699 3710 omnium
722 3644 880 3710 idolorum
908 3645 1045 3710 cultores
1075 3645 1199 3709 admitti
1223 3647 1337 3710 contre
1362 3647 1413 3710 dei

387 3868 402 3921 1
420 3867 517 3922 Motu.
537 3868 579 3932 18,
602 3868 702 3922 15-17

335 4053 352 4104 4
370 4051 454 4106 adbuc
472 4068 522 4107 om.
541 4069 557 4106 o
643 4052 660 4106 9
677 4054 705 4106 te
723 4053 856 4108 interced
874 4067 933 4107 eum
949 4055 1019 4108 iuter
1035 4056 1064 4108 te
1081 4054 1152 4109 cont.
1171 4055 1325 4120 Latinius,
1342 4060 1375 4110 tu
1391 4059 1416 4110 in

284 4161 312 4212 te
333 4159 360 4214 V
383 4174 386 4179 ·
442 4129 554 4212 moiueris
651 4156 684 4208 10
701 4157 869 4212 conuinceree
886 4160 956 4213 corut.
976 4159 1123 4223 Latinius,
1141 4160 1306 4214 conuincens
1329 4163 1357 4218 V

286 4260 420 4329 quoegeris
489 4259 523 4313 23
534 4233 743 4345 tefntebiscm·
755 4263 821 4330 rec.)
891 4227 1007 4316 25fi1n¹0
1088 4261 1122 4315 26
1133 4235 1229 4330 pcsitie
