3050 5000
446 340 487 393 Dc
506 341 597 392 sancto
614 337 762 393 Athanasio
780 337 847 391 liber
863 337 897 391 11.
1176 338 1238 405 185

105 531 141 595 in
175 526 347 593 Athanasio
381 544 439 590 nec
472 543 533 590 non
567 525 599 591 et
635 526 667 589 in
697 526 787 591 nobis
817 526 868 591 dei
898 546 1009 590 uerum
1038 529 1237 611 persequaris

106 631 221 697 filium.
266 648 340 695 cnm
368 630 447 703 haec
474 628 522 693 ita
549 628 627 707 sint,
658 647 826 693 consueras
853 649 910 695 nos
939 630 1113 714 iungendos
1140 631 1236 697 inter·

107 734 283 801 foetoribus
296 732 529 815 prophetarum,
544 730 700 797 iustorum
716 732 876 815 sanguinis
892 734 1058 812 fusoribus,
1075 736 1235 801 consacri-

107 840 192 922 legis
213 837 288 916 tuis,
310 838 370 901 hoc
394 835 443 899 ost
455 834 595 913 Iudaeis,
616 835 756 917 ipsorum
774 836 923 901 uidelicet
939 838 1013 919 quia
1029 838 1071 903 sis
1087 838 1235 905 imitator.

79 961 168 1008 onec
182 941 266 1006 enim
279 939 342 1004 alia
357 939 397 1003 do
419 958 453 1002 re
469 938 688 1003 Athanasium
699 940 849 1004 dmunute
865 940 981 1020 dixisti,
1006 942 1236 1025 susciperemus

111 1046 210 1110 etiam
231 1044 316 1109 Arrii
337 1042 435 1107 fidem
456 1041 625 1120 mandasti,
654 1042 714 1107 nisi
737 1044 772 1106 ut
796 1043 828 1107 et
848 1044 880 1107 in
905 1044 1051 1109 emisione
1075 1047 1236 1129 sanguinis

108 1147 265 1213 iustorum
300 1148 332 1211 et
360 1146 391 1210 in
421 1144 564 1228 negando
594 1145 720 1210 unicum
750 1146 802 1210 dei
824 1146 924 1210 filium
952 1166 1044 1230 paros
1066 1148 1235 1214 fuissemus

109 1250 311 1327 Iudaeorum,
334 1268 467 1330 quorum
489 1249 553 1313 iam
574 1249 610 1313 tu
633 1251 676 1313 sis
697 1249 730 1313 in
753 1250 897 1315 omnibus
919 1250 1085 1334 particeps.
1111 1252 1137 1315 si
1154 1253 1236 1317 enim

109 1354 159 1417 illi
181 1351 349 1435 prophetas
371 1352 605 1430 interemerunt,
637 1371 690 1417 eos
714 1352 767 1434 qui
798 1352 837 1419 de
861 1352 1000 1417 aduentu
1027 1353 1237 1436 loquebantur

69 1479 98 1518 io
110 1456 197 1521 unici
220 1455 271 1519 dei
293 1454 361 1534 filii,
397 1456 429 1518 et
455 1454 491 1517 tu
520 1473 574 1519 eos
602 1454 753 1520 interficis
784 1456 837 1537 qui
866 1456 928 1521 sint
955 1457 1119 1522 credentes
1154 1458 1236 1522 sicut

110 1558 314 1623 crediderunt
335 1558 514 1641 prophetae.
561 1557 618 1621 sed
647 1558 797 1638 quamdiu
828 1558 867 1623 do
892 1559 1034 1623 hiscum
1064 1561 1235 1639 incredulo,

110 1681 185 1725 cum
205 1660 423 1743 proposuerim
449 1660 509 1725 tibi
535 1660 737 1727 manifestare
767 1679 864 1725 unum
885 1663 918 1727 tc
942 1680 1010 1727 esse
1034 1663 1166 1741 exiliis,
1197 1664 1238 1729 ad

111 1784 191 1847 quos
213 1763 292 1827 dicit
315 1763 475 1829 dominus:
507 1765 574 1829 idco
597 1765 667 1830 dico
687 1766 787 1850 uobis,
817 1766 896 1847 quin
917 1766 1082 1847 auferetur
1104 1789 1125 1831 n
1147 1767 1237 1831 nobis

109 1890 244 1952 repnnm
264 1870 325 1953 dei,
359 1874 390 1934 et
415 1870 546 1936 dubitur
570 1872 659 1954 penti
685 1871 822 1952 facienti
845 1873 987 1953 fructum
1010 1872 1103 1935 eins?
1135 1889 1237 1951 neque

70 2002 99 2042 15
113 1974 196 2037 onim
216 1973 253 2036 tu
274 1972 306 2036 in
328 1972 422 2056 gente
444 1973 505 2037 hac
529 1992 573 2052 es,
598 1993 678 2055 quae
692 1973 814 2038 fructus
829 1973 1008 2037 inueniatur
1023 1974 1127 2037 facero
1142 1973 1236 2038 iusti-

109 2077 186 2156 tiae,
208 2076 327 2141 utnon
349 2095 429 2141 unus
453 2095 523 2141 osse
544 2077 753 2159 pronuntieris
779 2096 816 2141 en
836 2077 911 2154 illis,
936 2095 1013 2159 quos
1035 2077 1143 2159 pulsos
1168 2094 1237 2140 esse

112 2201 131 2245 a
154 2180 205 2245 dei
226 2198 323 2263 regno
344 2181 471 2261 propter
498 2180 653 2245 iustorum
674 2200 786 2245 necem
810 2179 841 2243 et
863 2180 1117 2243 increduiitatem
1147 2198 1238 2243 suam

112 2285 232 2349 audias.
258 2302 326 2349 esse
348 2283 381 2346 te
405 2283 536 2347 aduerte
558 2286 636 2348 haec
661 2284 798 2367 gerendo
821 2284 902 2347 inter
919 2283 1000 2362 illos,
1024 2301 1156 2364 quorum
1179 2302 1236 2347 ne-

113 2388 228 2470 quitias
257 2386 400 2469 aperiens
429 2386 508 2450 dicit
537 2386 696 2451 dominus:
732 2388 837 2452 simite
859 2391 903 2450 cst
924 2406 1056 2468 repnum
1078 2385 1237 2451 caetorum

70 2492 235 2559 sodonuini
255 2491 332 2576 cepi,
358 2492 418 2572 ,qui
438 2491 514 2572 fecit
535 2491 668 2572 nuptias
689 2491 759 2573 pilio
781 2509 838 2556 suo
860 2492 890 2555 et
917 2490 1008 2556 misit
1034 2509 1142 2555 seruos
1163 2509 1237 2554 suos

112 2597 156 2661 ad
176 2596 334 2660 inuitatos
356 2595 400 2659 od
413 2596 555 2676 nuptias,
580 2594 612 2658 ot
626 2594 723 2659 infra:
747 2599 777 2658 ct
790 2595 962 2658 notuerunt
977 2594 1098 2659 uenire.
1122 2594 1242 2658 iterum·

115 2699 204 2764 eund
225 2698 270 2764 ud
291 2698 367 2762 idios
387 2716 494 2762 seruos
516 2698 641 2763 dicens:
663 2698 758 2763 dicite
780 2697 947 2764 inuitatis:
975 2717 1040 2762 cuce
1056 2697 1238 2779 prandium

110 2803 234 2884 paroni
255 2820 376 2880 meum;
397 2801 486 2866 tauri
508 2801 571 2865 mci
599 2804 627 2864 et
648 2802 803 2884 supinata
818 2801 920 2864 occiso
942 2805 970 2865 et
985 2801 1236 2885 metoparum,

114 2907 219 2972 uenite
240 2903 284 2970 ud
305 2905 447 2985 nuptias.
471 2903 525 2968 iiii
547 2908 653 2969 nutem
673 2903 880 2987 nepicncrunt
900 2908 927 2968 et
950 2904 1096 2969 adierunt
1118 2903 1180 2968 ulii
1201 2904 1238 2967 in

72 3008 230 3074 suillum
252 3027 355 3083 suum,
379 3006 443 3072 ulii
465 3026 540 3070 nero
563 3007 606 3071 ud
628 3007 876 3090 nepotiutionun
897 3024 1009 3084 suum;
1031 3006 1148 3088 reliqui
1163 3027 1238 3070 uero

114 3116 283 3179 tenuerunt
303 3129 409 3175 seruos
431 3111 500 3175 cius
521 3115 552 3174 et
572 3111 761 3176 nammatio
788 3110 925 3189 adfectos
953 3109 1140 3174 occiderunt.
1185 3107 1239 3172 ilic

112 3237 171 3280 neu
192 3235 265 3280 cum
282 3215 434 3292 uidisset,
456 3215 562 3278 inatus
583 3217 628 3278 est
649 3218 677 3277 et
698 3213 789 3276 misit
810 3213 981 3277 mentitum
1002 3231 1095 3276 suum
1117 3215 1147 3275 et
1161 3231 1238 3292 pcn—
1292 3285 1294 3290 A

113 3321 199 3385 didit
220 3319 396 3384 immicidns
424 3319 497 3383 idios
527 3322 556 3384 et
587 3317 733 3382 unitates
760 3336 867 3381 eorum
895 3315 1046 3380 incendit.
1092 3319 1167 3380 tunc
1190 3314 1240 3378 uit

112 3423 214 3487 seruis
235 3423 319 3487 suis.-
346 3423 479 3503 numine
500 3421 626 3503 quidem
642 3424 890 3502 perdoceant,
920 3420 973 3484 scd
992 3419 1049 3500 qui
1071 3423 1166 3484 crunt
1185 3419 1238 3482 in-

72 3526 212 3590 nouitati
233 3545 298 3590 uon
319 3525 451 3605 fuerunt
472 3525 582 3608 dipni;
603 3525 646 3590 ite
667 3545 739 3607 erpo
762 3525 806 3589 ud
828 3524 931 3588 exitus
953 3523 1084 3587 nicrum
1106 3525 1136 3586 ct
1149 3540 1238 3603 puos-

113 3648 241 3710 cumquc
262 3628 453 3693 inueneritis
475 3633 583 3693 uocate
604 3627 648 3692 ud
669 3627 812 3710 nuptias.
837 3631 867 3691 ct
880 3627 994 3710 epncssi
1009 3626 1096 3690 senui
1111 3625 1149 3688 in
1163 3625 1238 3689 nius

113 3735 383 3814 conprcpuuerunt
396 3735 542 3813 quotquot
555 3730 752 3796 inuenerunt
764 3729 864 3794 unctos
879 3734 907 3793 ot
922 3729 1025 3813 bonos,
1050 3727 1239 3809 adimpletae

112 3838 190 3898 sunt
209 3833 342 3916 nuptiae
364 3854 386 3898 u
406 3833 681 3898 discumbentibus.
705 3833 846 3896 intrauit
860 3837 965 3897 nutem
985 3852 1052 3909 neu,
1067 3835 1104 3895 ut
1116 3830 1241 3895 uideret

216 4071 249 4126 13
266 4072 363 4127 Matth.
382 4072 425 4138 21,
443 4071 478 4124 43
548 4073 581 4126 19
598 4071 635 4125 ib.
653 4071 696 4135 22,
715 4071 740 4125 2.
758 4071 775 4124 3
845 4072 877 4126 21
896 4069 933 4124 io.
950 4070 993 4140 22,
1011 4069 1096 4123 s-le

165 4277 197 4330 21
216 4276 324 4331 nunus
394 4279 422 4331 u
437 4275 508 4332 incra
524 4278 591 4344 sut.
604 4279 790 4348 exponenda
859 4277 893 4330 nc
911 4241 1034 4344 seruisse)
