3050 5000
329 401 393 465 312
819 397 965 452 Luciferi

329 606 396 651 rem
419 587 601 655 uiolentam,
622 587 679 650 dub
701 587 789 668 pacis
812 605 887 650 uere
901 585 994 649 titulo
1010 585 1133 649 hostem
1150 582 1343 648 subdolum?
1362 583 1420 648 deleo

332 690 416 771 qued
437 690 527 752 tanta
547 689 671 753 tibimet
694 688 881 770 adquisieris
903 688 1003 762 mala;
1026 687 1177 770 lugente
1205 685 1293 767 qued
1315 685 1351 747 sis
1369 688 1421 748 enni

331 811 368 856 ex
398 792 488 874 parte
517 792 637 873 pesitus
666 791 733 855 sine
762 811 817 874 spe
846 792 930 854 uitae
959 791 1113 856 aeternae.
1151 790 1305 853 ceterum
1329 787 1388 850 lieet
1402 796 1422 852 tu

330 913 390 958 nen
414 894 529 976 gladiis
550 895 674 958 tantum
698 895 823 959 scindas
846 895 982 970 nosmet,
1015 894 1071 958 sed
1101 895 1133 958 et
1156 892 1313 956 dentibus
1332 891 1382 953 tuis
1398 893 1423 954 sis

328 997 496 1073 mandens,
524 999 630 1061 tamen
659 999 747 1061 tuam
777 997 897 1062 rabiem
929 997 1012 1080 qued
1041 996 1142 1060 adeo
1164 995 1310 1078 preteeti
1331 1015 1440 1076 supera-2

328 1100 391 1162 turi
419 1119 528 1164 sumus
558 1101 679 1163 certum
700 1101 788 1177 tene,
823 1119 879 1164 nec
909 1101 940 1164 in
965 1119 1000 1164 ee
1030 1118 1086 1164 nes
1115 1099 1289 1182 despicere
1316 1098 1423 1179 digneris.

331 1202 414 1284 qued
436 1203 545 1266 uideas
568 1222 698 1286 corpora
719 1204 826 1268 nestra
848 1204 988 1286 fragilia3
1020 1203 1104 1284 qued
1135 1203 1186 1266 est
1223 1202 1308 1265 enim
1333 1201 1424 1282 petissi-

329 1324 425 1381 mum,
450 1306 602 1386 sapientia
626 1307 721 1370 erecti
751 1325 787 1370 ac
810 1307 921 1371 muniti
952 1306 1110 1384 ualemus,
1144 1307 1306 1370 habentes
1335 1303 1425 1367 ematur

331 1425 366 1470 ac
390 1409 585 1472 munimenta
606 1410 637 1472 in
660 1410 807 1474 cordibus
831 1429 866 1474 ac
891 1411 1032 1474 sensibus
1054 1411 1178 1474 nestris.
1206 1409 1295 1473 unde
1310 1427 1425 1471 numne

332 1515 457 1575 emates
480 1512 646 1578 uidemus?
667 1515 751 1578 unde
773 1515 910 1578 munitos
934 1533 969 1578 ac
985 1515 1071 1578 tutes
1088 1532 1156 1578 esse
1174 1512 1353 1578 sentimus?
1371 1510 1442 1576 nudes

330 1632 387 1677 nes
416 1616 573 1697 sapientes
604 1618 844 1698 cognoscimus?
875 1618 935 1682 nisi
965 1619 1038 1699 quia
1060 1619 1092 1681 et
1114 1617 1348 1699 blasphemiam
1365 1615 1425 1675 usn

329 1715 465 1780 uitemus
482 1719 513 1780 et
527 1719 673 1782 mortalia
694 1739 824 1802 cerpera
847 1723 953 1786 nestra
974 1723 1029 1786 tue
1053 1722 1119 1786 ensi
1141 1720 1314 1802 gratanter
1332 1717 1424 1800 prepter

330 1818 381 1881 dei
403 1819 503 1882 filium
524 1821 704 1901 tradamus,
735 1825 871 1888 seientes
894 1825 993 1906 qued,
1024 1844 1095 1888 cum
1124 1824 1293 1887 terrenum
1319 1833 1423 1885 nesuun

329 1921 523 1988 demieilium
544 1927 722 1991 interlicere
743 1929 893 2007 ualueris,
916 1929 1053 1993 caeleste
1076 1929 1160 2009 qued
1184 1922 1423 2004 habeamusque

328 2025 504 2090 interficere
533 2048 593 2093 nen
622 2031 731 2112 pessis.
772 2031 892 2096 ideireo
924 2032 1038 2096 etenim
1067 2033 1149 2096 bena
1183 2030 1278 2094 nebis
1310 2027 1442 2105 malaqnes

328 2130 489 2210 preposita
517 2150 585 2196 esse
617 2133 776 2212 nouimus,
812 2135 848 2198 ut
869 2135 918 2199 uis
942 2135 1040 2199 emnis
1065 2133 1255 2216 prudentiae
1279 2131 1389 2195 nestrae
1405 2127 1423 2189 in

330 2230 544 2298 discernendis
565 2237 654 2300 benis
677 2237 832 2319 malisque
854 2238 1043 2302 uersaretur.
1089 2236 1164 2317 quid
1188 2235 1322 2299 stultius
1342 2230 1424 2295 nisit

329 2337 479 2414 metuere,
505 2338 598 2402 deum
620 2346 757 2423 negare?
781 2341 857 2424 quid
880 2341 1050 2423 sapientius
1067 2359 1160 2422 quam
1177 2337 1349 2404 nefandum
1362 2335 1424 2397 tuen

331 2438 455 2504 calcare
484 2443 579 2524 caput
606 2446 638 2508 et
666 2445 725 2510 dec
753 2445 879 2527 prepter
901 2446 959 2509 hoe
982 2445 1106 2526 placere
1129 2443 1277 2507 factum?
1314 2441 1376 2504 hinc
1394 2442 1424 2500 est

329 2545 412 2624 qued
439 2549 592 2629 perspicis
620 2550 762 2613 omnibus
790 2549 904 2613 nestris
933 2549 1050 2613 uiribus
1079 2568 1135 2612 nes
1163 2549 1251 2611 stare
1275 2546 1389 2627 paratos
1404 2542 1442 2602 ius

329 2665 428 2728 agene
451 2649 599 2730 iustitiae,
622 2653 685 2717 lide
706 2654 839 2735 integra,
862 2652 978 2717 uirtute
996 2652 1120 2730 deuota,
1144 2652 1254 2714 mente
1277 2644 1423 2725 incorrupta

331 2750 370 2811 ad
394 2752 493 2815 aciem
517 2755 601 2817 stare
629 2774 709 2836 quae
737 2755 846 2837 perte
869 2756 988 2819 indicta
1012 2756 1068 2833 est,
1097 2754 1147 2818 dei
1171 2754 1240 2817 uiui
1264 2752 1373 2815 milites
1390 2748 1422 2808 in-

330 2851 464 2918 territos.
503 2855 624 2919 fortiter
648 2858 742 2921 etiam
770 2859 912 2940 portatur
935 2878 953 2921 a
976 2858 1064 2922 nebis
1094 2858 1220 2922 scutum
1252 2856 1339 2931 fidei,
1367 2848 1423 2913 uude

329 2957 360 3018 et
387 2959 571 3040 protegente
601 2960 659 3025 dee
689 2962 841 3044 quidquid
869 2962 1013 3025 manibus
1041 2962 1104 3025 tuis
1128 2960 1277 3024 diabolus
1300 2954 1423 3021 iaculatur

329 3059 528 3141 extinguitur,
552 3063 626 3143 qnia
648 3063 776 3127 calciati
799 3064 871 3128 sunt
893 3064 991 3127 nestri
1014 3063 1197 3145 euangeliee
1220 3058 1441 3144 magisterieets

328 3166 439 3228 armati
454 3166 552 3247 pedes
568 3167 795 3254 calcari<bu>s
819 3168 854 3230 tu
869 3167 945 3231 lieet
961 3168 1003 3231 sis
1027 3167 1188 3249 augustus,
1214 3166 1274 3230 sed
1295 3166 1326 3227 in
1343 3164 1371 3225 te
1384 3161 1422 3222 cb-

325 3267 437 3331 teritur
458 3270 584 3351 rugiens
606 3271 637 3334 in
653 3271 792 3334 nestram
815 3270 982 3334 insontium
1005 3289 1113 3333 necem
1132 3288 1273 3352 serpens,
1299 3264 1420 3348 siquiden

326 3370 468 3435 mordere
492 3372 525 3435 et
548 3373 748 3455 subplantare
769 3390 824 3455 per
846 3375 879 3437 te
903 3372 1081 3437 carnificem
1105 3392 1197 3437 suum
1225 3391 1288 3436 nen
1316 3384 1420 3452 praeus-

326 3471 407 3545 leat;
429 3475 528 3553 premi
552 3476 667 3540 etenim
690 3494 745 3541 nes
768 3476 877 3558 perte
900 3476 969 3539 uult
993 3476 1079 3552 deus,
1103 3494 1162 3539 nen
1186 3476 1299 3558 ntique
1322 3473 1357 3537 ad
1372 3471 1419 3533 hee.

327 3574 363 3637 ut
393 3575 488 3639 fidem
519 3577 640 3659 iterque
671 3580 853 3643 deseramus
887 3580 1134 3661 patriarcharum
1168 3579 1440 3659 apostoloruum

326 3679 507 3762 martyrum,
530 3681 587 3744 sed
609 3684 645 3745 ut
666 3682 769 3746 eoacti
794 3702 812 3745 a
833 3684 865 3747 te
889 3683 1014 3745 unicum
1037 3700 1150 3763 negare
1172 3682 1277 3745 filium
1300 3680 1345 3743 dei
1358 3693 1418 3740 mer·

325 3782 390 3846 tem
415 3785 509 3848 etiam
531 3785 635 3850 subire
658 3805 719 3850 nen
741 3804 933 3851 recusemus.
957 3804 1017 3850 nen
1041 3804 1148 3851 sumus
1164 3786 1200 3847 ut
1215 3786 1252 3848 tu
1270 3784 1343 3848 aden
1357 3774 1418 3843 stulti

375 3972 473 4042 3spue
564 3946 686 4027 decidas
789 3975 950 4045 ddispieere
1053 3974 1220 4043 8sspientia
1240 3973 1320 4027 erecti
1337 3964 1418 4035 seipsi,

325 4059 470 4126 sapientiae
488 4060 553 4111 recti
576 4060 614 4112 Vc
709 4060 740 4114 11
759 4062 892 4129 rapientes
988 4062 1021 4115 12
1038 4063 1120 4115 uitem
1219 4062 1251 4114 15
1270 4076 1323 4113 nen
1338 4074 1356 4110 s.
1371 4054 1382 4106 l.
1396 4067 1416 4102 ⁷¹³·

326 4144 374 4197 alt.
450 4145 482 4197 17
502 4143 571 4213 qued
647 4148 676 4199 te
693 4149 818 4214 metuere,
837 4146 914 4201 deum
933 4149 1043 4217 scripsi,
1062 4150 1145 4201 temet
1163 4163 1226 4202 uere
1245 4146 1322 4200 deum
1340 4144 1370 4196 Ve

324 4228 358 4282 22
375 4230 419 4283 dei
440 4231 495 4284 uiui
511 4233 542 4296 V,
566 4230 649 4285 diuini
666 4249 681 4286 c
785 4233 817 4286 26
841 4234 949 4287 calcaris
1053 4233 1099 4287 sed
1117 4236 1231 4303 scripsi,
1250 4235 1278 4285 et
1299 4232 1340 4297 Ve,
1354 4232 1415 4281 tefflffl

328 4316 498 4373 eumacius
