3050 5000
417 372 458 426 De
477 373 568 426 sancto
585 372 731 427 Athanasio
749 372 817 427 liber
833 374 866 429 Π.
1140 379 1204 446 203

79 566 112 631 si
143 563 223 629 enim
252 581 312 629 non
339 564 376 628 tu
404 562 550 643 operibns
578 562 642 627 tuis
671 563 823 646 gentilem
849 564 882 629 ta
912 583 981 631 esse
1008 567 1202 648 manifestas,

76 668 202 751 poteris
225 666 403 745 defendero,
432 666 518 749 quod
540 665 622 731 enim
643 684 704 731 non
727 666 820 749 dignm
842 668 921 733 haec
941 669 975 734 te
997 670 1106 736 conte
1127 687 1201 754 pro-

79 771 234 835 ferantur.
257 770 357 853 primo
371 770 446 853 quit
461 770 505 835 sis
520 785 638 852 negans
652 768 706 834 dai
719 768 830 849 filium,
853 771 981 853 gentilis
996 774 1051 837 ant
1065 774 1202 841 Iudaeus

76 875 173 940 nobis
196 894 247 950 os;
278 872 391 939 deinde
413 892 486 939 cnm
507 871 675 955 proscribis
697 872 844 955 deportas
872 875 1000 957 torques
1026 876 1115 942 falsis
1138 878 1201 943 eri-

48 1005 62 1045 ⁵
75 978 219 1043 minibus
230 977 411 1043 innocentes
425 996 537 1043 onmes
550 976 710 1055 interficis,
725 994 787 1042 non
798 976 930 1043 inueniri
940 978 1058 1061 potoris
1071 978 1201 1045 Christi-

77 1099 161 1146 anus
183 1081 236 1164 qui
257 1100 314 1162 per
334 1080 420 1144 niam
437 1097 528 1144 suam
549 1078 601 1145 dei
619 1096 688 1144 esse
709 1080 803 1145 bomo
825 1081 1041 1163 cognoscatur,
1065 1081 1121 1146 sed
1135 1083 1201 1147 uti·

77 1204 144 1267 qne
168 1202 248 1249 nnus
270 1183 310 1249 de
332 1183 406 1261 illis,
430 1182 469 1247 de
491 1183 605 1266 quibus
624 1201 681 1265 per
698 1183 874 1265 apostolum
890 1182 968 1249 dicit
990 1183 1041 1249 dei
1063 1184 1200 1267 spiritus,

77 1285 167 1368 quod
190 1286 272 1351 enim
293 1285 357 1351 sint
382 1286 421 1349 in
441 1286 587 1350 uanitate
615 1286 729 1349 mentis
756 1304 842 1365 suae,
870 1286 1037 1369 insensati,
1067 1289 1202 1355 altuni

75 1410 101 1453 o
122 1390 195 1454 uito
216 1389 269 1455 dei
283 1409 347 1470 per
368 1388 550 1455 comitatem
571 1387 675 1454 cordia
695 1389 847 1470 ipsorum.
884 1388 1008 1470 quando
1032 1408 1105 1473 ergo
1120 1392 1199 1459 haee

32 1515 61 1555 ao
74 1492 203 1557 caecati
224 1508 334 1574 gerere
355 1489 450 1556 corde
464 1508 544 1556 noce
559 1490 692 1573 apostoli
706 1490 944 1557 manifestentur
960 1509 1040 1574 quae
1054 1494 1090 1557 tn
1105 1495 1199 1577 geris,

75 1612 145 1677 qua
165 1594 266 1659 tronto
289 1592 387 1658 sudes
409 1594 494 1658 sanis
509 1595 603 1659 corde
619 1612 656 1658 ac
671 1594 777 1660 mente
792 1594 914 1660 meere:
937 1598 1078 1681 errant,
1103 1597 1200 1663 fallax

74 1697 263 1763 ueracibus:
286 1697 448 1779 mendaces
468 1698 570 1762 ests?
593 1697 762 1780 apostolus,
786 1699 866 1763 sicut
888 1702 932 1763 est
952 1700 1084 1777 untes,
1111 1700 1197 1779 dicit

72 1802 113 1864 in
125 1802 212 1882 Iesu,
222 1802 406 1883 deponentes
416 1800 587 1866 semustum
592 1801 772 1882 pristinam
783 1801 1053 1867 concertationem
1063 1806 1199 1867 timerem

74 1904 235 1967 bominem
261 1924 350 1986 eum,
383 1904 440 1985 oui
468 1905 683 1987 corrumpite
710 1904 882 1970 mundum
912 1906 1198 1986 concupiscentiam

35 2025 61 2064 ιε
74 2007 207 2071 erroris.
250 2007 452 2072 rcuoumniui
478 2011 585 2072 autem
613 2007 733 2089 spiritu
758 2026 870 2072 sensus
897 2008 997 2073 nemci
1023 2012 1053 2073 et
1075 2008 1199 2073 induite

74 2128 200 2175 nouum
219 2107 385 2185 tomincru,
407 2110 464 2191 qui
483 2109 657 2175 secundumn
676 2112 770 2175 mum
792 2112 915 2176 cresim
929 2112 1025 2175 estin
1038 2112 1197 2177 iustitium

73 2218 104 2275 et
125 2212 329 2277 serenitatem
350 2216 381 2277 et
400 2212 577 2278 anuum.
599 2213 785 2296 deponemus
805 2213 1005 2279 mendacium
1027 2214 1198 2295 loquimini

74 2317 243 2380 ueritatem
264 2316 480 2398 unusquisque
500 2317 545 2381 ad
561 2317 746 2398 prouimum
767 2336 868 2382 suum.
892 2316 945 2381 ubi
960 2317 1038 2381 haec
1053 2318 1196 2399 praeter-

75 2419 195 2485 misisti
226 2419 345 2485 monita
379 2419 532 2485 salutaria
564 2438 645 2504 quae
672 2438 731 2485 nos
758 2419 917 2485 custodire
949 2421 1091 2486 hortatur
1120 2440 1196 2506 apo-

36 2537 61 2578 20
74 2525 199 2590 stolus?
221 2524 376 2607 quomodo
390 2524 505 2589 etenim
518 2524 699 2607 deposuisse
714 2525 855 2589 ueterem
866 2525 1023 2590 hominem
1039 2525 1071 2590 et
1081 2543 1197 2593 nouum

74 2627 235 2692 hominem
258 2647 340 2707 enm,
364 2629 417 2710 qni
432 2628 606 2693 secundum
621 2628 715 2694 deum
731 2629 782 2708 sit,
804 2627 944 2694 induisse
958 2629 1087 2712 reperiri
1101 2628 1196 2712 potn-

75 2735 224 2796 eramus?
245 2732 401 2814 quomodo
422 2733 585 2797 manentes
600 2732 768 2798 iniustitia
784 2732 816 2798 et
831 2731 999 2798 sanctitate
1015 2731 1048 2796 et
1061 2733 1196 2798 ueritate

75 2834 238 2916 conspecti
266 2833 436 2900 fuissemus
464 2836 517 2918 qni
544 2835 662 2902 iniusta
682 2835 789 2900 tecum
811 2834 957 2917 gerentes
987 2853 1058 2899 oum
1080 2852 1194 2900 nouum

75 2935 245 3014 hominem,
280 2935 333 3019 qui
356 2936 397 3001 sit
419 2937 545 3001 creatus
567 2935 741 3001 secundum
763 2935 868 3014 doum,
904 2936 1141 3002 extinxissemus
1165 2936 1197 3002 et

37 3037 166 3102 ²⁵illum
194 3040 351 3117 ueterem,
386 3039 439 3122 qui
466 3040 674 3123 corrumpitur
701 3041 874 3105 secundum
905 3040 1017 3106 erroris
1045 3040 1194 3122 concupi-

75 3141 239 3222 acentinm,
262 3141 299 3207 nt
321 3144 393 3208 ante
413 3144 670 3225 corrumpebatur
692 3162 786 3226 quam
805 3142 899 3207 deum
921 3160 1013 3208 nosse
1029 3142 1194 3224 coepisset,

73 3243 191 3309 itanum
211 3245 336 3327 portare
359 3246 593 3328 coepissemus?
613 3247 676 3312 ista
699 3246 814 3310 etenim
837 3245 950 3310 cuncta
972 3244 1092 3310 faciunt
1113 3261 1194 3326 quae

73 3346 110 3410 tn
130 3346 212 3412 iacis
237 3366 298 3413 non
327 3346 379 3413 dei
408 3348 582 3428 domestici,
613 3348 671 3414 sed
697 3348 853 3414 satellites
883 3346 1072 3413 antichristi:
1100 3347 1194 3430 depo·

74 3455 184 3515 natea
209 3451 410 3517 mendacium
432 3451 602 3534 loquimini
622 3451 791 3516 ueritatem
811 3451 1028 3533 immunisque
1051 3451 1095 3516 ad
1114 3467 1193 3532 pro-

38 3551 200 3617 nnimum
226 3573 329 3635 eumn,
362 3555 439 3636 puio
466 3573 577 3620 sumus
590 3555 741 3620 Jiuui'cem
768 3554 919 3620 mentre.
962 3553 990 3620 si
1018 3551 1132 3619 unies
1155 3552 1194 3617 de

77 3655 231 3721 eeclesiae
255 3655 306 3722 dei
326 3657 486 3735 membris,
508 3657 695 3722 mihicrede
711 3657 796 3739 quod
810 3675 980 3740 numquam
994 3657 1194 3723 mendacium

75 3758 258 3837 pertulisses
282 3758 323 3823 ad
346 3760 529 3835 ecclesiam
555 3760 656 3847 <ni>ai
679 3758 819 3843 quiasis
840 3760 926 3826 illins
940 3762 1042 3840 homo,
1066 3760 1119 3843 oiri
1136 3759 1193 3823 de-

178 3943 279 4013 aapa
295 3947 322 4010 4,
340 3948 374 4002 aa
443 3946 475 4000 12
492 3945 529 4001 so.
547 3946 573 4008 t.
591 3945 694 4000 aa-ss

93 4141 96 4145 ²
128 4116 157 4170 11
177 4118 302 4171 errantis
389 4117 423 4170 18
432 4077 703 4185 ‘pnemminuemm
717 4120 752 4170 ut
769 4132 788 4169 a
806 4115 934 4186 quemodo
951 4091 1194 4172 stenimmunti'c·

78 4207 135 4256 tum
149 4203 309 4272 principale
330 4203 452 4272 incipiat
472 4202 644 4257 Gatianditia
745 4201 778 4254 21
797 4201 921 4271 repperiri
1005 4202 1040 4256 24
1058 4200 1193 4257 extincxit-

78 4300 161 4340 semns
228 4286 263 4340 32
280 4286 332 4340 nisi
348 4287 459 4356 scripsi,
478 4286 501 4340 si
522 4287 553 4349 V,
572 4285 859 4342 sodomitanum
1060 4321 1062 4326 ·
