3050 5000
286 296 330 364 20
776 295 925 352 Luciferi

287 487 370 565 bolo,
395 505 467 551 eum
488 485 613 550 tantum
635 485 760 550 intersit
775 484 855 550 inter
870 484 984 549 beatae
1001 483 1156 549 ecclesiae
1170 483 1269 548 fidem
1285 485 1319 548 et
1334 484 1427 548 inter
1509 548 1510 573 ,

287 589 446 656 haeresim
467 589 567 668 tuam,
591 590 742 672 quantum
764 588 846 653 inter
868 586 974 652 lucem
997 587 1093 670 atque
1113 587 1284 654 tenebras?

328 693 368 758 X.
390 692 489 758 Recte
513 710 569 756 uos
590 691 712 756 interea
735 691 799 756 dixi
813 691 860 756 ita
874 691 1037 774 separatos
1055 710 1073 757 a
1088 691 1187 768 nobis,
1211 690 1248 754 ut
1261 692 1424 756 tenebrae

287 796 360 866 sunt
382 794 545 878 separatae
570 793 737 872 alumine,
762 793 837 879 quia
859 793 928 860 sitis
950 794 1153 861 tenebrarum
1175 793 1249 872 filii,
1273 794 1361 858 unde
1386 794 1425 858 et

286 897 433 964 tenebras
457 897 495 964 de
518 896 655 980 uipereis
670 895 820 963 cordibus
838 895 1042 963 euomueritis
1057 896 1182 964 uestris.
1206 897 1343 980 sperasti
1357 915 1423 962 nes
1450 914 1464 953 ⁵

288 1001 456 1066 deflectere
476 1000 562 1066 auia
577 1000 731 1078 ueritatis,
747 1000 912 1084 tamquam
927 1018 989 1066 non
1004 1001 1158 1067 sciremus
1175 999 1422 1084 praemonuisse

288 1103 432 1186 spiritum
455 1102 598 1168 sanetum
625 1122 682 1186 per
703 1103 833 1170 beatum
860 1102 1005 1169 Paullum
1036 1101 1209 1169 dicentem:
1242 1123 1332 1169 moro
1355 1123 1421 1168 uos

90 1242 92 1251 ·
164 1183 191 1222 ³
287 1208 455 1272 conuincat
475 1206 585 1275 ualens
607 1208 643 1271 in
665 1206 846 1274 bumilitate
866 1226 978 1273 eneae
999 1211 1027 1272 ei
1047 1206 1199 1292 reiipione
1214 1206 1418 1292 nupciarum,

287 1329 367 1390 quae
388 1309 515 1374 nidetw
537 1309 708 1376 ambulans
730 1310 800 1376 sine
820 1329 929 1394 causa
953 1310 1089 1391 inflatus
1102 1329 1196 1376 sensu
1211 1311 1322 1376 carnis
1335 1329 1420 1376 suae

287 1419 401 1478 anon
423 1417 530 1478 tenens
553 1418 647 1496 capul
670 1433 708 1478 ca
729 1434 791 1496 quo
814 1433 905 1479 omne
925 1432 1039 1498 corpus
1049 1434 1111 1496 per
1125 1433 1278 1480 conemm
1293 1417 1324 1479 ci
1336 1433 1417 1478 con·
1435 1429 1459 1469 ιο

199 1548 201 1556 ¹
286 1518 481 1586 iunctiauenn
498 1515 816 1598 promanarunt
838 1517 875 1581 in
898 1520 1103 1604 anpmentum
1123 1516 1209 1598 pidei.
1254 1515 1418 1599 quomode

286 1621 319 1686 te
344 1618 557 1686 ambulantem
572 1618 639 1684 sine
655 1637 761 1698 eausa,
786 1619 898 1689 alitum
913 1619 1068 1704 serpentis
1083 1637 1136 1687 erc
1151 1619 1246 1698 Arrii,
1267 1619 1419 1686 inflatum

288 1742 383 1790 sensu
401 1721 503 1787 carnis
518 1721 603 1798 tuae,
621 1723 799 1807 apostatam
816 1722 936 1791 factum
951 1742 1163 1808 sequeremur,
1188 1741 1261 1788 cum
1277 1724 1419 1806 apostoli

287 1825 491 1916 praeceptum
519 1825 647 1908 cogeret
668 1825 768 1892 temet
795 1826 912 1892 uitari?
957 1825 1064 1892 dixisti
1099 1827 1183 1909 quod
1211 1827 1295 1892 enim
1323 1827 1418 1908 pacis

288 1947 386 1994 causa
408 1927 553 2012 coniungi
577 1927 759 1994 desiderans
781 1929 879 1995 meris
897 1929 1185 2013 pseudoepiscopos
1207 1931 1315 1995 sectae
1336 1930 1458 1994 tuae1⁵

288 2033 393 2108 nobis;
424 2032 480 2098 sed
505 2033 660 2114 quomodo
687 2032 774 2098 istud
796 2031 902 2098 facere
923 2035 1137 2124 potueramus,
1164 2034 1282 2099 utnon
1307 2033 1417 2112 deum,

288 2137 345 2204 sod
366 2137 399 2200 te
423 2136 489 2200 eius
514 2135 694 2202 audiemus
716 2136 902 2202 inimicum?
925 2156 986 2201 nen
1002 2155 1110 2201 sumus
1124 2138 1161 2201 ut
1176 2155 1233 2202 uos
1250 2136 1418 2214 excordes,

287 2240 323 2306 ut
346 2239 397 2304 dei
420 2239 515 2306 deum
537 2256 689 2322 negemus
710 2238 822 2317 filium,
859 2239 942 2304 sicut
969 2239 1086 2322 negant
1113 2239 1225 2308 ludaei
1246 2239 1418 2307 caecitatis

149 2328 161 2362 u
286 2344 412 2410 uestrae
445 2341 613 2425 participes
648 2361 684 2407 ac
716 2343 812 2410 duces
841 2343 968 2409 uestrae
995 2342 1242 2421 incredulitatis,
1278 2362 1419 2425 quorum

286 2445 514 2529 reprobationis
548 2445 725 2529 exemplum
762 2446 876 2513 beatus
910 2444 1079 2512 ostendens
1107 2447 1224 2515 Paulus
1258 2447 1338 2513 dicit
1374 2448 1455 2522 adn

285 2551 464 2617 Hebraeos:
499 2552 676 2635 uuuopse
702 2553 827 2638 quidem
854 2553 960 2635 fidelis
982 2554 1020 2619 in
1041 2557 1106 2618 iota
1126 2553 1218 2618 domo
1240 2554 1309 2619 eius
1331 2560 1417 2619 tam-

286 2673 383 2737 quam
405 2672 515 2719 sunus
536 2653 574 2717 in
591 2654 768 2719 testimonio
790 2653 927 2744 loquens,
951 2654 1099 2729 Obristus
1120 2660 1226 2722 anum
1247 2660 1417 2741 tamquam

285 2756 375 2841 pilius
396 2758 432 2821 in
454 2757 544 2825 buno
568 2758 645 2837 eius,
668 2778 747 2839 qnae
768 2758 880 2823 damus
901 2779 959 2826 noe
979 2779 1098 2838 umus,
1120 2761 1150 2824 si
1172 2765 1279 2826 tannen
1293 2761 1415 2826 tibera-

289 2859 410 2926 litatem
438 2860 714 2927 accubationem
741 2862 808 2943 spei
835 2863 1040 2942 murinus,
1066 2868 1197 2948 propter
1224 2865 1306 2947 quad
1333 2865 1417 2929 dicit

287 2963 422 3048 spiritus
444 2968 588 3031 saueius:
609 2963 702 3029 bodie
723 2965 753 3029 ri
774 2985 882 3031 uocem
903 2967 970 3033 eiras
992 2968 1172 3048 ammira,
1194 2968 1292 3033 nolite
1311 2989 1414 3051 prae·
1428 2984 1452 3025 rs

287 3066 407 3133 rimare
428 3068 523 3135 anaia
549 3073 666 3149 uestra,
696 3068 780 3135 sicut
805 3069 842 3134 in
869 3069 1104 3137 exacerbatione
1130 3072 1300 3138 usandum
1326 3073 1414 3138 diem

288 3172 712 3258 inpraesentiarium,
741 3172 797 3237 ubi
829 3176 1063 3255 ternpwuerunt
1085 3179 1196 3257 patres
1223 3176 1273 3240 tui
1303 3176 1340 3239 in
1360 3196 1414 3255 ca·

282 3274 477 3360 periment03
500 3280 529 3341 ai
550 3277 704 3345 uiderunt
725 3296 821 3359 opera
843 3296 912 3341 mea
934 3276 1152 3363 qnadrapinta
1174 3280 1283 3344 annis.
1329 3279 1414 3345 ideo·

288 3398 347 3459 one
363 3398 481 3459 perusa
502 3380 582 3444 mibi
601 3400 678 3463 pens
698 3384 753 3463 asi,
776 3382 807 3445 et
826 3380 913 3452 arni:
934 3399 1055 3462 semper
1075 3386 1188 3448 errant
1208 3382 1309 3448 corda
1354 3382 1414 3447 isti

287 3484 392 3547 auten
414 3501 480 3548 nou
502 3488 714 3566 oopnauerunt
734 3486 809 3549 nias
831 3505 928 3562 meas,
950 3486 1032 3551 suni
1053 3485 1166 3550 iuraui
1188 3486 1225 3550 in
1247 3485 1301 3549 ira
1322 3505 1414 3549 oua:
1427 3499 1451 3539 ω

287 3585 317 3658 oi
338 3584 505 3659 intrabunt
526 3586 564 3651 in
585 3588 725 3667 requiem
748 3607 859 3658 mean
884 3588 995 3669 uidete,
1018 3589 1145 3671 (aalma
1169 3608 1210 3653 ne
1224 3607 1302 3654 coru
1316 3589 1414 3653 sitin

284 3686 394 3771 duna
415 3691 557 3755 aestum
580 3708 633 3753 con
656 3690 834 3773 maiipmm
855 3690 1094 3760 incredulitatis
1116 3690 1300 3757 dircederdo
1321 3691 1413 3757 adeo

391 3871 480 3927 7001.
499 3871 524 3938 2,
543 3872 585 3926 18.
604 3874 636 3927 19
705 3873 737 3927 21
757 3874 839 3928 Hebr.
859 3874 884 3939 3,
902 3875 919 3927 5
936 3905 972 3915 -
988 3876 1014 3940 4,
1034 3877 1067 3930 10

338 4042 460 4097 3rectae
529 4043 562 4097 10
579 4045 762 4100 coniunctione
833 4045 865 4099 12
881 4046 969 4101 Arrii.
981 4062 1059 4101 sensu
1070 4046 1155 4117 nubo
1167 4048 1342 4117 eoniunpaut

287 4126 321 4181 13
338 4130 461 4199 apostata
483 4131 520 4198 17,-
537 4147 584 4185 em.
605 4130 692 4187 Oenei
779 4132 812 4187 15
830 4136 902 4189 secte
988 4133 1022 4189 23
1039 4133 1192 4190 libertatem
1209 4132 1341 4187 Sabaticr
1419 4199 1422 4204 Ι

286 4213 320 4267 27
340 4214 423 4283 patris
491 4214 525 4269 28
543 4216 601 4270 anis
