3050 5000
288 312 330 376 93
777 301 927 358 Luciferi

288 501 367 564 rime
381 516 583 582 persequens.
607 515 712 583 pauca
730 495 768 560 de
783 494 893 560 multis
909 493 1008 576 gestis
1022 493 1104 558 inter
1116 491 1226 558 Achab
1244 491 1276 556 et
1291 487 1434 556 Heliam

289 603 407 668 idcirco
431 601 506 667 duxi
530 600 593 666 tibi
612 597 797 682 ingerenda,
832 598 868 662 ut
895 596 997 678 possis
1025 615 1155 662 noscere
1184 614 1253 674 uos,
1291 612 1332 658 ex
1366 610 1434 674 quo

291 706 385 771 deum
409 703 636 786 dereanuitis,
664 721 767 786 neque
798 700 897 784 signis
919 719 1021 783 neque
1048 699 1200 783 prodigiis
1223 697 1320 763 facile
1346 715 1433 760 con-

290 809 373 872 uerti
401 807 442 872 ad
471 826 561 883 enm,
596 805 653 872 sed
680 805 783 888 magis
811 803 843 870 in
872 803 987 871 uestn's
1014 803 1165 868 durantes
1193 800 1360 868 erroribus
1397 799 1436 862 ut

290 912 409 977 bestias
431 911 574 976 inmanes
597 906 720 974 saeuire
741 907 774 972 in
800 906 999 993 <eer>uioem
1022 905 1074 972 dei
1096 907 1261 972 cultorum.
1304 904 1434 986 depre-
1460 919 1470 957 ⁵
1506 957 1507 1002 3

293 1034 402 1080 camur
429 1023 480 1092 te,
515 1011 695 1090 Constanti,
728 1030 769 1075 ne
798 1009 901 1076 adhuc
929 1010 961 1074 in
987 1010 1036 1076 his
1064 1010 1128 1076 tuis
1154 1009 1249 1074 malis
1280 1008 1435 1091 digneris

292 1118 458 1196 demorari,
493 1115 550 1182 sed
576 1114 679 1198 magis
709 1132 854 1198 emergas
884 1133 903 1178 a
930 1113 1107 1180 turbinibus
1138 1112 1265 1190 diaboli,
1303 1131 1347 1176 ne
1374 1110 1435 1175 illa

290 1219 544 1304 conprehendant
571 1219 604 1284 te
631 1217 718 1284 mala
751 1236 832 1301 quae
861 1217 970 1284 Achab
999 1219 1031 1282 et
1059 1217 1193 1283 Israhel
1238 1235 1298 1282 nee
1330 1215 1370 1280 in
1396 1233 1433 1280 eo

293 1324 380 1388 dieas
404 1323 527 1388 felicem
549 1322 593 1400 te,
616 1321 691 1404 qnia
704 1322 817 1404 potens
832 1320 877 1386 sis
893 1320 934 1386 ad
949 1320 1001 1386 dei
1015 1321 1249 1402 persequendos
1264 1320 1432 1396 homines,

293 1426 418 1508 quando
442 1425 553 1490 uideas
575 1424 714 1506 potuisse
738 1421 779 1486 sd
800 1422 935 1504 petitum
956 1421 1069 1488 Heliae
1091 1422 1230 1505 extingui
1254 1421 1376 1488 Achab
1401 1422 1466 1485 et10

292 1529 428 1607 lezabel,
453 1527 485 1591 et
506 1527 614 1591 tamen
635 1524 752 1590 hrerint
773 1526 939 1604 reseruati,
969 1526 1005 1590 ut
1026 1526 1148 1607 plenius
1177 1526 1209 1592 et
1229 1527 1350 1592 Heliae
1379 1525 1432 1590 dei

293 1631 429 1696 hominis
450 1629 619 1697 tolerantia
640 1627 753 1694 luisset
767 1628 950 1694 beatificata
966 1630 998 1694 et
1015 1630 1142 1696 illorum
1155 1630 1287 1714 impleta
1306 1629 1431 1712 impie-

293 1736 370 1799 tatis
392 1752 549 1810 mensura,
573 1731 663 1816 quasi
677 1750 753 1796 uero
776 1750 836 1796 non
859 1733 967 1814 posset
993 1733 1104 1802 Helias
1126 1733 1232 1816 petere
1256 1733 1371 1811 deum,
1396 1733 1432 1796 ut

294 1836 442 1902 arderent
462 1835 681 1921 persecutores
694 1833 856 1918 religionis
879 1835 956 1914 eius,
973 1835 1129 1900 idolorum
1144 1837 1292 1902 cultores.
1317 1837 1431 1919 ignem

294 1940 374 2022 petit
398 1938 466 2005 dari
490 1940 528 2004 de
551 1937 641 2002 caelo
664 1936 705 2002 ad
728 1937 886 2002 sacrificia
900 1938 1123 2018 consumenda,
1146 1939 1220 2004 ilico
1236 1939 1462 2014 descendit31⁵

292 2043 445 2126 planiam,
476 2060 556 2124 qnae
579 2039 711 2104 triennio
733 2039 839 2104 luerat
861 2040 969 2105 ablata
992 2041 1024 2105 et
1045 2042 1205 2108 mensibus
1236 2060 1302 2121 sex,
1334 2043 1427 2125 petit,

294 2146 329 2210 et
351 2145 425 2210 ilico
449 2145 550 2210 datur.
576 2143 638 2207 alia
660 2161 755 2226 quam
770 2142 908 2226 plurima
923 2145 1013 2228 signa
1027 2144 1122 2220 fiunt;
1146 2146 1179 2210 et
1197 2146 1361 2228 exstingui
1376 2146 1429 2211 dei

293 2249 414 2314 inimici
443 2247 483 2313 ad
510 2247 645 2330 petitum
672 2244 785 2310 Heliae
814 2264 876 2311 non
908 2247 1087 2330 potuerunt,
1122 2268 1194 2314 cum
1223 2250 1323 2314 etiam
1352 2249 1428 2314 illos

293 2353 461 2417 honoratos
485 2348 769 2434 quinquagenarios
793 2348 834 2413 ad
855 2350 968 2416 Heliae
991 2351 1112 2416 dictum
1129 2351 1328 2418 descendens
1343 2353 1428 2435 ignis

293 2454 545 2539 consumpserit?
566 2453 658 2519 uides
673 2452 767 2518 hodie
782 2472 885 2537 posse,
909 2453 983 2537 quia
997 2456 1196 2539 persequaris
1212 2455 1428 2522 Athanasium
1439 2465 1459 2505 ²⁰

294 2559 436 2642 polhoc,
459 2558 492 2621 te
514 2556 644 2620 fulmine
667 2557 723 2620 aut
746 2558 888 2639 quolibet
908 2559 1002 2625 modo
1020 2560 1169 2644 extingui,
1192 2558 1249 2624 sed
1265 2559 1428 2623 reseruari

296 2660 337 2725 ad
357 2662 429 2739 hoc,
451 2660 487 2723 ut
510 2661 565 2722 ant
578 2660 611 2723 te
627 2660 793 2727 conuertas
809 2661 864 2725 aut
880 2662 980 2727 omnis
994 2664 1095 2744 possit
1108 2663 1232 2745 impleri
1245 2662 1428 2745 iniquitatis

294 2765 370 2827 tuae
392 2782 549 2828 mensura.
573 2764 820 2846 persequebatm
842 2764 952 2829 Achab
980 2784 1036 2831 rex
1062 2765 1198 2845 Heliam,
1227 2766 1264 2829 ut
1289 2766 1330 2830 tu
1354 2784 1428 2849 per-

297 2867 438 2950 sequeris
466 2885 547 2931 nunc
571 2866 789 2933 Athanasium.
835 2867 914 2933 dixit
941 2887 1053 2951 nempe
1080 2868 1206 2935 Iezabel
1236 2868 1278 2933 ad
1306 2868 1429 2935 domini

295 2969 493 3052 prophetam,
516 2969 724 3053 posteaquam
745 2970 940 3052 conperisset
968 2990 1024 3053 per
1045 2970 1172 3037 Heham
1193 2971 1266 3037 illas
1289 2972 1460 3037 uirtutes²5

299 3072 453 3137 exhibitas
477 3071 510 3136 et
531 3072 700 3155 prophetas
721 3071 912 3139 confusionis
929 3074 1023 3156 etque
1038 3074 1225 3159 religionum
1240 3076 1430 3141 sacerdotes

295 3176 497 3243 interfectos:
520 3176 595 3241 hoec
617 3176 697 3240 milri
718 3176 847 3257 factost
866 3176 915 3241 dii
937 3180 969 3241 ct
988 3176 1064 3243 hoec
1085 3177 1166 3241 milet
1180 3180 1379 3262 odoapearct,
1403 3182 1431 3245 si

296 3300 361 3343 sorr
382 3281 420 3344 ts
441 3278 501 3344 hoc
522 3279 603 3344 toro
624 3299 697 3345 cras
712 3299 847 3361 posuero
870 3280 1016 3347 ocimum
1039 3284 1137 3367 team,
1160 3282 1431 3363 quemadmodem

398 3482 665 3553 ammas

350 3681 362 3733 1
384 3680 449 3734 acab
535 3682 551 3734 5
570 3682 696 3735 ceruicem
713 3681 819 3750 scripsi
838 3682 1010 3751 dubitanter,
1033 3648 1117 3737 iiiiii
1139 3683 1165 3737 V
1179 3683 1230 3737 scd
1247 3700 1282 3737 m.
1301 3688 1316 3737 1
1338 3685 1349 3737 i
1367 3686 1400 3739 irs
1417 3702 1430 3739 o

298 3792 422 3841 mutasse
440 3786 564 3855 uidetur,
582 3802 689 3855 gregem
706 3804 740 3841 m.
759 3802 813 3841 rec.
832 3788 1057 3856 suprascripsit
1134 3786 1236 3840 8acsb
1315 3788 1352 3842 15
1370 3756 1431 3842 daris

299 3873 313 3941 (¹
332 3891 366 3926 m.
384 3874 450 3941 rec.)
556 3873 589 3927 16
606 3873 697 3943 pluuia
717 3874 772 3942 Vo;
788 3874 906 3943 pluniam
924 3875 1028 3945 scripsi
1045 3881 1071 3929 et
1088 3891 1151 3930 cum
1169 3875 1260 3928 altero
1277 3876 1351 3943 petit
1371 3862 1432 3929 corr'-

298 3958 395 4027 isaci;
421 3959 506 4029 mrlpo
529 3959 600 4014 illico
625 3958 762 4013 descendit
785 3960 876 4028 pluuia
898 3961 1081 4031 costwnpitror
1186 3960 1218 4014 17
1246 3960 1301 4014 alia
1319 3964 1430 4031 scripsi,

299 4043 387 4113 aliqua
408 4044 455 4109 Vo,
481 4060 549 4113 aqua
571 4046 642 4100 corsi.
661 4046 798 4101 Latmius
902 4046 933 4101 sl
953 4047 996 4101 uel
1010 4064 1065 4116 pro
1084 4049 1112 4101 et
1130 4048 1225 4117 dircit;
1244 4048 1322 4115 falso
1342 4048 1431 4118 ipitur

298 4147 468 4286 exstinguegrgs3
479 4148 550 4286 ωπῖ).
570 4147 656 4203 Ooleti
747 4149 782 4203 22
798 4152 826 4204 te
844 4167 869 4215 o,
888 4116 916 4203 ci
934 4152 959 4219 (‘⁸
976 4168 1011 4206 m.
1030 4152 1095 4218 rec.)
1118 4152 1145 4206 V
1234 4118 1350 4239 implere}
1369 4152 1383 4220 (¹
1399 4169 1431 4205 rs.

299 4237 364 4303 rec.)
483 4249 532 4287 sca
