3050 5000
269 341 313 407 84
760 341 908 396 Luciferi

268 534 351 608 tuos,
374 532 562 597 consecutus
584 532 710 596 ueniam
732 534 891 597 tantorum
908 533 1073 611 scelernm,
1097 534 1178 598 inter
1197 535 1248 599 dei
1262 535 1407 599 inueniri

270 639 393 702 statuas
416 636 615 714 domesticos,
648 655 686 700 an
714 636 863 702 redactus
894 637 933 700 ad
962 637 1103 707 nihilum,
1138 638 1220 702 sicut
1241 637 1408 720 promittit

272 741 488 824 spernentibus
511 759 545 804 se
569 740 723 818 dominus,
745 740 879 822 incipias
906 741 1145 823 inperpetuum
1169 743 1243 806 dare
1267 761 1404 824 poenas,

271 865 349 928 qaas
373 845 449 909 dant
476 844 508 908 hi
538 863 670 926 quorum
691 846 799 908 tenere
828 844 983 926 delegeris
1012 845 1133 909 itinera.
1181 845 1212 909 et
1239 846 1276 908 ut
1304 845 1403 928 plene

269 948 377 1012 uidere
406 947 509 1029 possis
536 966 617 1029 quae
645 949 677 1010 te
699 948 849 1011 maneant
875 948 1025 1029 pericula,
1055 949 1220 1030 propterea
1243 947 1330 1030 qnod
1356 948 1403 1012 sis
1431 961 1446 1000 ⁵

270 1053 462 1116 exhonorans
481 1050 689 1126 diuinitatem,
714 1051 821 1132 accipe
841 1049 1002 1114 Samuheli
1027 1051 1121 1114 etiam
1145 1068 1225 1132 qaae
1249 1050 1403 1114 dicantur

268 1156 395 1236 propter
415 1153 488 1217 Heli
510 1153 608 1218 filios:
644 1159 672 1218 et
699 1155 782 1218 dixit
811 1153 962 1218 domiuus
990 1154 1033 1218 ad
1057 1155 1222 1220 Samuhel:
1253 1173 1319 1218 eece
1344 1175 1401 1236 epe

269 1258 354 1338 facio
376 1257 472 1321 uerba
493 1277 563 1321 meu
584 1259 622 1320 ia
644 1257 758 1329 Israel,
782 1261 810 1322 et
832 1260 937 1322 omuis
958 1260 1014 1338 qui
1030 1257 1170 1322 audierit
1184 1277 1229 1334 ea,
1254 1257 1403 1320 tiuaieut

268 1366 417 1443 uiaeque
430 1380 525 1424 aures
540 1362 617 1439 eius,
640 1361 678 1424 ia
699 1360 755 1424 ua
770 1361 820 1424 die
835 1381 894 1442 quo
911 1361 1066 1425 suscitabo
1082 1380 1177 1442 super
1191 1359 1267 1425 Hali
1285 1361 1402 1424 omnia

269 1485 349 1545 quae
373 1464 495 1528 loeutus
523 1483 594 1554 sum
616 1463 653 1526 iu
675 1463 765 1528 domo
788 1465 856 1528 eius
887 1469 914 1528 et
942 1463 1162 1528 consummabo
1192 1485 1272 1547 puae
1296 1485 1399 1545 prae-
1417 1483 1441 1522 1⁰

268 1568 338 1632 diei
360 1568 399 1651 ei,
423 1568 574 1648 puouiaru
596 1587 650 1649 epo
671 1568 810 1632 ulciscor
824 1568 860 1632 iu
874 1568 963 1632 doma
979 1570 1046 1632 eius
1059 1587 1156 1648 usque
1174 1569 1210 1633 ia
1229 1573 1400 1633 aeteruum

267 1675 395 1751 propter
427 1670 614 1750 iniquitates
647 1669 789 1752 fitiorum
823 1671 904 1755 eius,
939 1691 1019 1752 quus
1046 1692 1098 1754 epo
1126 1674 1206 1750 seio,
1240 1673 1399 1754 quonium

269 1776 496 1837 eoaumueates
525 1773 688 1837 domiuum
716 1774 806 1837 mala
835 1774 929 1839 locuti
958 1779 1033 1840 suut
1059 1775 1123 1856 utu
1150 1777 1233 1857 eius,
1269 1779 1301 1840 et
1332 1793 1400 1839 aaa

268 1877 390 1941 monuit
411 1895 578 1958 rosaeque
599 1877 778 1958 waipauit.
817 1881 845 1941 et
867 1897 953 1941 uuae
975 1877 1019 1941 sia
1041 1879 1153 1942 iuraui
1174 1878 1285 1942 domui
1309 1877 1400 1956 Heli,

267 1981 297 2044 si
320 1978 555 2061 propitiabitur
582 1980 740 2060 iniquitas
768 1980 803 2042 iu
833 1979 923 2044 domo
945 1979 1020 2044 Heu
1049 1981 1086 2043 iu
1116 1981 1242 2045 iuaeuso
1270 1985 1331 2044 aut
1362 1982 1440 2044 iu1⁵

267 2084 436 2165 sacrifieiis
457 2083 494 2146 iu
516 2083 749 2164 sempiternum.
775 2083 801 2146 si
823 2083 902 2146 haec
921 2082 994 2146 Heli
1011 2083 1084 2146 sunt
1098 2083 1252 2163 promissa
1266 2086 1400 2165 propter

268 2187 419 2252 delictum
442 2185 587 2262 filiorum,
613 2184 688 2267 quid
709 2185 768 2248 tibi
790 2185 916 2268 propter
939 2184 1140 2267 sacrilegiam
1161 2185 1273 2250 taum?
1297 2187 1325 2250 si
1348 2187 1399 2250 illi

266 2293 344 2356 haec
366 2291 398 2353 in
423 2289 584 2353 aeternnm
608 2289 681 2352 sunt
702 2288 866 2370 promissa,
897 2288 973 2369 quid
1002 2287 1059 2352 tibi
1084 2288 1189 2370 agenti
1211 2289 1323 2353 tanta?
1372 2291 1400 2354 si

266 2393 348 2459 filios
370 2393 444 2458 Heli
467 2391 545 2456 dixit
568 2391 645 2455 deus
668 2391 750 2455 male
773 2391 896 2455 locutos
921 2391 959 2455 de
983 2410 1027 2465 se,
1052 2391 1286 2474 quantomagis
1308 2392 1400 2457 dicat

264 2500 308 2576 to,
333 2499 385 2580 qui
408 2498 584 2578 susceperis
600 2495 683 2559 Anii
704 2493 933 2577 blasphemiam
958 2494 997 2559 ad
1012 2495 1245 2578 inpugnantem
1269 2496 1400 2562 scilicet
1413 2512 1438 2551 ²⁰

266 2602 372 2678 fidem,
387 2618 480 2681 quarn
500 2598 696 2682 patriarchae
715 2598 886 2680 prophetae
904 2598 1036 2679 apostoli
1053 2599 1084 2662 ot
1101 2617 1207 2662 ornnes
1223 2600 1400 2663 tenuerunt

265 2705 439 2787 martyres?
481 2718 629 2783 rogamus
661 2702 693 2763 te
727 2700 810 2764 inter
836 2700 914 2764 haec
943 2718 1052 2782 gerere
1081 2702 1234 2765 factorum
1265 2702 1398 2766 taornm

249 2805 500 2889 paenitentiam,
530 2803 731 2867 considerans
760 2802 873 2866 saltem
903 2822 982 2884 quae
1006 2802 1080 2867 filiis
1102 2804 1176 2869 Heli
1199 2806 1397 2870 exhonoran-

264 2909 350 2974 tibus
367 2908 461 2972 deum
478 2907 659 2972 acciderint.
683 2906 769 2989 Heli,
786 2906 888 2987 inquit
904 2906 1067 2987 scriptura,
1091 2927 1184 2971 saaca
1199 2912 1270 2972 erat
1283 2910 1395 2995 uuida,

265 3019 294 3077 et
315 3012 383 3096 utta·
405 3014 472 3077 eius
487 3018 595 3078 euutes
609 3014 764 3096 abierant,
788 3017 819 3077 et
833 3018 902 3077 erut
917 3014 1064 3096 maiipua
1080 3016 1138 3077 uia
1157 3034 1267 3079 eorum
1283 3035 1396 3079 eoram
1411 3038 1434 3076 ss

264 3117 400 3181 daniae.
426 3120 457 3179 et
476 3116 598 3196 factum
621 3120 664 3180 est
686 3118 723 3179 ia
745 3116 852 3180 diebus
875 3116 952 3198 iilis,
981 3125 1009 3180 et
1037 3122 1249 3181 couueueruat
1272 3117 1395 3181 alieui-

262 3238 361 3301 peuue
380 3222 417 3283 iu
435 3239 583 3302 pupuum
605 3220 648 3284 ad
670 3218 783 3297 Israel,
831 3220 862 3283 et
888 3218 984 3283 inira:
1012 3224 1040 3283 et
1067 3220 1241 3286 iuoliuauit
1262 3240 1393 3305 pupae,

265 3327 293 3386 et
316 3323 426 3387 ucidit
446 3324 501 3386 uir
520 3323 627 3387 Israel
649 3342 756 3387 eoram
785 3322 984 3407 aiieaipeuis,
1012 3328 1040 3405 et
1066 3325 1230 3389 uulnerati
1257 3328 1335 3388 suut
1356 3326 1395 3387 iu
1504 3364 1505 3377 η

266 3426 333 3491 acic
354 3426 393 3489 ia
414 3444 524 3506 eampo
546 3430 697 3507 quattuor
718 3426 828 3491 miliia
850 3426 1022 3492 homiuum.
1048 3432 1075 3490 et
1097 3428 1185 3491 ueait
1199 3429 1339 3508 populus
1353 3428 1394 3490 ia

265 3533 383 3612 auara,
407 3532 436 3593 et
457 3528 608 3592 dixerunt
630 3530 769 3593 maiores
783 3534 863 3593 uutu
879 3528 1005 3594 Israel:
1021 3534 1156 3611 propter
1170 3528 1249 3611 quid
1262 3528 1394 3610 deficere
1406 3551 1432 3590 eo

367 3715 382 3766 7
399 3712 413 3766 Ι
430 3714 494 3782 Reg.
513 3713 539 3777 3,
559 3714 659 3767 11-14
728 3714 763 3766 24
780 3714 815 3769 ib.
834 3714 859 3779 3,
878 3714 909 3767 21
925 3713 968 3779 (cf.
981 3717 1006 3778 2,
1025 3714 1066 3781 22)
1078 3716 1150 3779 -4,
1170 3715 1183 3768 l
1255 3715 1289 3768 27
1307 3715 1344 3769 ib.
1362 3716 1390 3779 4,

264 3800 331 3852 2——5

315 3970 545 4025 linucneriua.1
614 3972 721 4041 iquass
789 3971 901 4039 plenae
970 3974 1113 4043 9utreque
1183 3972 1217 4025 12
1233 3973 1392 4042 iniquitates

264 4057 360 4120 LXX.
383 4057 551 4126 iniquitatem
573 4059 612 4112 Va
715 4073 778 4126 quas
800 4059 835 4122 V,
861 4064 944 4129 quau
1048 4058 1081 4115 13
1103 4062 1319 4131 contempnentes

265 4126 554 4263 18quo¹dt¹ueroeen2
636 4161 819 4275 22stucu1
901 4162 1145 4233 utquommuar
1227 4163 1388 4233 &aligeni-

262 4287 329 4341 genc
399 4275 432 4328 28
451 4290 558 4344 quorum
576 4274 712 4329 alienienis
732 4279 814 4344 (corr.
832 4293 866 4329 ar.
884 4278 949 4343 rec.)
