3050 5000
224 337 229 344 ,
313 370 356 437 58
801 366 947 420 Luciferi

315 578 389 625 cnm
411 559 553 642 patribus
583 559 649 624 suis
678 560 711 622 et
737 559 896 641 sepultum
925 557 957 621 in
979 556 1180 622 Hierusalem
1204 557 1237 620 et
1260 553 1449 635 suscepisse

312 664 385 730 loco
405 663 493 728 illius
513 681 645 746 regnum
667 662 769 727 lilium
792 663 868 728 eius.
913 661 1066 744 numquid
1086 659 1168 742 legis
1190 659 1223 723 in
1238 657 1330 722 bello
1355 655 1449 720 illum

315 765 464 832 interisse
488 765 586 852 <a>ut
607 765 714 847 abque
727 764 901 830 nubtudine
923 763 1187 846 praegrauatum?
1209 761 1365 834 minime;
1390 758 1449 822 sed

315 868 393 952 quid
415 869 534 934 sentis?
555 868 660 945 credo,
683 869 818 950 protus
839 867 895 932 illa
916 866 1083 949 prudentie
1105 865 1185 930 dicis
1199 865 1321 946 inpune
1340 861 1449 926 omnia

314 971 372 1036 illa
399 972 533 1036 cessisse
555 971 704 1036 Manasse
731 971 809 1053 regi.
853 969 928 1035 talis
963 955 997 1036 es
1028 970 1075 1048 tu,
1109 969 1145 1034 ut
1175 969 1222 1033 ite
1249 966 1380 1031 sentias
1410 964 1448 1028 de
1468 979 1477 1016 ⁵

314 1075 480 1152 Manasse,
503 1074 586 1156 qnod
609 1073 702 1152 enirn,
726 1073 801 1156 quia
816 1071 1043 1156 quinquaginta
1057 1071 1179 1154 septem
1195 1070 1287 1136 annis
1302 1086 1447 1152 regnans

314 1176 382 1242 filio
403 1176 536 1241 tradidit
555 1194 689 1259 regnum
711 1177 744 1242 et
764 1178 833 1259 ipse
855 1178 887 1240 in
910 1193 989 1258 pace
1012 1174 1173 1252 deiecerit,
1203 1172 1374 1256 potuerint
1396 1172 1446 1234 in-

315 1297 397 1361 pune
427 1279 457 1343 ei
483 1278 619 1344 cessisse
647 1279 739 1343 tenta
766 1277 913 1344 admisse
959 1277 1022 1343 noli
1049 1278 1108 1342 tibi
1135 1278 1203 1359 ipse
1232 1275 1389 1340 misereri
1412 1273 1446 1336 nt

314 1381 416 1446 temet
438 1381 479 1446 ed
502 1380 596 1446 deum
617 1382 734 1459 uentae,
762 1381 828 1446 noli
850 1380 1007 1464 corrigere
1029 1379 1163 1446 nefarios
1187 1379 1278 1444 actus
1301 1379 1391 1454 tuos,
1417 1378 1447 1441 et

313 1484 458 1550 inuenies
470 1486 504 1549 te
518 1485 660 1567 torqueri
675 1504 748 1550 cnm
758 1485 916 1562 Marassa,
933 1502 1027 1567 quem
1038 1484 1202 1549 Manassae
1216 1482 1249 1546 in
1266 1499 1306 1546 eo
1320 1480 1446 1544 uideris
1457 1499 1473 1536 s

313 1587 350 1650 tu
373 1587 573 1669 praecedere,
603 1586 687 1670 quod
710 1588 793 1652 enim
814 1587 868 1650 ille
889 1587 1014 1651 tantum
1035 1585 1120 1650 intre
1141 1584 1295 1648 terminos
1318 1582 1444 1646 Hieru-

315 1689 416 1754 salem
439 1689 624 1772 sangninem
645 1690 799 1754 iustorum
820 1689 947 1768 fuderit,
975 1689 1012 1753 tn
1044 1689 1150 1753 autern
1177 1687 1244 1752 toto
1265 1685 1386 1750 fudisti
1410 1705 1444 1748 ac

170 1822 180 1842 ν
313 1789 419 1856 fundis
446 1791 478 1856 in
505 1810 602 1874 regno
629 1793 778 1858 Romano.
823 1792 890 1870 sed,
920 1792 1034 1875 inquis,
1067 1791 1122 1855 ille
1149 1789 1232 1856 filios
1262 1807 1341 1854 suos
1374 1791 1445 1853 ante

315 1892 485 1958 simulacra
507 1893 637 1958 deorum
652 1913 780 1960 suorum
796 1895 1009 1960 concremeuit
1023 1894 1077 1959 uel
1095 1893 1310 1968 consecrauit,
1337 1895 1374 1958 et
1388 1894 1446 1957 tibi

315 1996 343 2060 si
370 1995 512 2075 fuissent,
541 1996 672 2064 fecisses
700 2000 768 2063 sine
797 1998 892 2065 dubio
922 1999 1051 2064 eosdem
1079 1998 1246 2064 Anienem
1274 1997 1474 2079 susciperer

314 2098 553 2181 blasphemiam.
598 2120 637 2164 en
658 2102 785 2184 ignores
808 2101 890 2184 quia,
915 2103 997 2166 neue
1017 2103 1093 2166 tunc
1116 2100 1288 2184 placebant
1314 2099 1444 2164 diabolo

315 2201 348 2265 bi
370 2201 424 2284 qui
450 2201 532 2267 lilios
562 2221 635 2268 suos
662 2203 897 2280 comburebant,
928 2204 1076 2287 qnoniam
1104 2203 1230 2285 quidem
1261 2221 1328 2266 une
1361 2203 1446 2266 esset

315 2303 490 2394 illismens
514 2304 752 2388 derelinquendi
781 2305 956 2370 creatorem
986 2307 1018 2368 et
1047 2305 1165 2370 seruire
1193 2305 1377 2380 creaturae,
1401 2305 1445 2369 ite

179 2422 200 2454 o
315 2425 398 2471 nunc
421 2407 499 2471 nibil
522 2408 628 2490 erigat
650 2406 795 2471 diabolus
819 2426 838 2470 a
859 2407 902 2484 te,
926 2407 986 2470 nisi
1008 2407 1044 2470 ut
1065 2425 1161 2490 neges
1184 2406 1315 2480 ameum
1338 2405 1444 2470 filium

316 2510 390 2575 dei?
419 2512 478 2574 hoc
504 2511 553 2574 est
580 2510 627 2573 illi
657 2511 911 2592 acceptissimum
939 2509 1140 2587 sacrificium,
1167 2510 1203 2573 ut
1231 2510 1275 2575 sis
1308 2511 1472 2577 eredensn

316 2611 471 2695 quomodo
495 2612 528 2675 et
549 2612 658 2676 Arrius
673 2612 859 2687 crediderit3
882 2613 953 2695 plus
977 2614 1026 2679 est
1046 2614 1093 2679 illi
1116 2613 1230 2678 nostris
1243 2613 1444 2696 temporibus

315 2716 385 2792 hoc,
408 2715 445 2778 ut
467 2714 518 2777 dei
541 2732 636 2797 neges
658 2714 769 2791 filium,
802 2735 897 2798 quem
920 2716 946 2781 si
968 2717 1068 2781 temet
1094 2718 1126 2781 in
1154 2719 1272 2783 bonore
1302 2717 1444 2781 omnium

318 2817 506 2882 daemonnm
520 2817 646 2900 ignibus
660 2818 799 2882 uolueris
814 2819 1017 2907 concremari.
1039 2819 1128 2883 uidet
1140 2820 1222 2883 enim
1238 2820 1278 2883 eb
1295 2820 1444 2885 omnibus

315 2918 471 2983 idolorum
485 2919 642 2983 culturam
659 2918 851 3001 despectam,
869 2920 953 3003 quod
968 2939 1051 2985 usna
1068 2920 1163 2985 inerit
1176 2922 1337 2997 inuenti03
1362 2941 1442 2985 nune

318 3022 366 3086 est
388 3021 516 3103 cupiens
538 3040 594 3103 per
616 3040 673 3086 nos
691 3040 766 3086 suos
787 3022 922 3087 iemnlos
945 3024 1122 3089 haereticos
1145 3024 1290 3106 decipere
1315 3044 1377 3089 nos
1395 3026 1470 3089 deis

316 3143 434 3189 seruos.
479 3124 646 3207 quomodo,
668 3124 782 3207 inquis,
807 3124 974 3207 decipere?
1004 3125 1160 3208 quomodo
1184 3127 1216 3189 et
1235 3126 1269 3190 te
1290 3127 1360 3191 iam
1387 3128 1443 3191 de-

318 3228 449 3310 ceperit,
472 3227 519 3290 ite
540 3227 572 3290 et
594 3246 651 3291 nos
672 3227 744 3289 uult
766 3227 878 3309 decipi.
923 3246 996 3292 oum
1019 3228 1063 3292 sis
1086 3228 1247 3307 manus,
1273 3229 1316 3293 ed
1333 3232 1395 3295 boc
1412 3234 1441 3293 te

317 3329 411 3411 fingis
434 3328 656 3406 Christianum,
681 3328 779 3393 donec
803 3347 922 3395 ueneno
937 3330 1078 3395 haeresis
1092 3331 1166 3395 tuae
1182 3331 1285 3413 possis
1298 3332 1439 3397 inermes

316 3431 470 3508 sauciare,
495 3449 555 3513 quo
577 3431 698 3513 possint
721 3431 870 3512 deinceps
892 3451 952 3497 non
976 3450 1045 3497 esse
1071 3431 1250 3511 Christiani,
1274 3434 1362 3515 quod
1386 3454 1441 3498 nos

317 3552 437 3611 sumus,
461 3532 518 3597 sed
540 3533 625 3615 quod
645 3550 703 3598 uos
719 3534 796 3598 estis
812 3533 946 3598 Arriani.
977 3536 1055 3599 haee
1074 3536 1123 3601 est
1136 3537 1246 3619 sagina
1262 3535 1469 3602 officiorumu

315 3636 451 3713 tuomm,
485 3654 566 3718 quae
594 3654 650 3717 per
680 3636 714 3701 te
745 3636 908 3701 exhibetur
933 3636 1114 3703 daemoniis.
1161 3642 1213 3720 qui
1237 3638 1355 3704 etenim
1378 3642 1439 3704 nisi

318 3739 462 3803 diabolus
485 3740 518 3803 et
541 3739 607 3803 eius
630 3738 688 3804 filii
712 3740 817 3804 dicere
839 3741 970 3821 possunt
994 3741 1032 3806 de
1055 3742 1147 3807 unico
1171 3742 1221 3807 dei
1243 3741 1326 3807 filio:
1349 3746 1439 3825 filies

185 3878 189 3884 ,
317 3847 363 3907 est
389 3846 419 3906 ct
438 3863 503 3906 uon
531 3848 576 3907 est
597 3862 692 3907 uuus
718 3844 827 3925 filioq-
856 3844 932 3909 deus
953 3850 998 3910 est
1020 3849 1049 3911 et
1070 3866 1134 3909 eos
1156 3850 1203 3911 eat
1222 3866 1317 3910 oerore
1340 3848 1439 3911 deus?

368 4116 615 4184 transscripserit
631 4118 678 4181 Vc,
695 4116 740 4170 uel
756 4119 826 4172 cosei.
842 4119 932 4172 Titius
1002 4118 1101 4172 ldices
1119 4120 1184 4185 fort.
1256 4120 1273 4171 5
1292 4120 1332 4172 illi
1351 4138 1366 4173 o

316 4202 332 4255 9
351 4201 445 4255 adeum
530 4203 603 4255 actos
689 4202 873 4257 romanense
896 4206 925 4267 V,
945 4220 1093 4259 manassem
1110 4222 1126 4259 e
1219 4204 1252 4258 13
1269 4204 1364 4259 fundes

315 4285 350 4338 20
367 4287 414 4339 illa
480 4286 515 4340 28
533 4287 644 4340 inermes
666 4289 697 4352 V,
714 4304 816 4341 uermes
834 4306 850 4343 o
