3050 5000
471 403 512 456 De
530 406 623 457 sancto
640 401 788 457 Athanasio
805 402 873 457 liber
890 403 921 458 II.
1201 393 1260 469 lii

136 594 231 675 atque
254 589 464 673 sacrilegium.
504 591 531 656 si
553 610 613 655 non
636 590 749 656 fuisses
772 591 910 657 tradItus
934 593 1078 671 satanae,
1109 594 1261 659 retineres

137 693 303 759 Timotheo
326 694 490 775 scripsisse
514 696 706 777 apostolum:
729 700 848 761 scimus
869 702 980 762 autem·
1003 698 1153 779 quoniam
1181 698 1262 762 baua

137 802 182 863 est
204 796 262 881 ier,
287 803 316 861 sr'
337 798 409 877 quis
427 819 466 862 ea
487 797 624 882 tepitime
645 803 769 880 utatur,
793 800 895 865 sciens
917 799 972 865 boc
1001 800 1078 881 quia
1100 801 1183 864 iusto
1211 800 1263 865 ten

135 922 200 965 nan
221 905 267 965 est
286 901 403 983 posita,
427 901 558 966 iniustis
582 905 686 965 autem
708 907 737 966 et
758 922 826 966 raon
848 903 1078 967 oboedientibus
1101 906 1130 967 et
1152 903 1262 985 impiis

106 1010 165 1069 set
180 1005 399 1087 peccatoribus
421 1010 449 1069 et
472 1004 684 1069 sceleratiori
702 1005 865 1085 profanis,
886 1006 1065 1087 parricidas
1086 1010 1117 1069 et
1146 1007 1262 1070 matri-

135 1108 226 1185 cidis,
249 1108 424 1189 inpudicis,
448 1108 661 1172 mascularum
684 1108 944 1192 concubitoribus
967 1108 1151 1192 ptapiarir's,
1174 1128 1262 1173 men·

135 1212 274 1290 dacibus,
292 1212 437 1293 periuris
459 1215 487 1275 et
509 1211 537 1273 si
560 1211 638 1291 quid
660 1210 753 1275 atiud
774 1230 874 1275 sanae
888 1210 1049 1277 doctrinae
1071 1214 1264 1278 aduersatur

135 1336 215 1398 puae
237 1313 410 1380 secundum
432 1314 635 1399 euaupdium
651 1317 697 1377 est
709 1315 833 1396 pieriae
848 1313 932 1379 beati
947 1315 998 1379 dei
1010 1317 1094 1396 quod
1108 1317 1262 1381 creditum

135 1424 179 1484 est
208 1418 297 1483 mibi.
343 1418 369 1482 si
394 1438 452 1482 non
477 1438 510 1482 es
531 1417 678 1495 traditus,
709 1436 746 1482 ex
770 1436 830 1500 quo
860 1418 961 1481 fitium
992 1417 1042 1483 dei
1070 1422 1202 1503 negasti,
1231 1421 1263 1483 in

90 1542 121 1579 10
136 1524 298 1589 interitum
314 1522 454 1596 satanae,
472 1520 628 1605 quomodo
644 1522 837 1603 praeteriens
859 1521 949 1585 tenta
972 1540 1053 1603 quse
1068 1523 1100 1589 te
1117 1523 1263 1587 cohibere

136 1626 265 1691 etanta
288 1626 454 1707 potuerant
482 1625 602 1689 scelere
632 1624 674 1689 ab
703 1626 782 1688 haec
811 1624 951 1707 gerenda
981 1624 1087 1690 exilire
1117 1625 1263 1708 dignatus

136 1751 181 1809 es,
205 1750 286 1813 quae
314 1728 435 1813 possint
464 1728 578 1792 cuncta
608 1728 720 1793 tollere
749 1730 827 1792 haec
858 1748 938 1811 quae
967 1731 1136 1794 noscantur
1169 1747 1263 1793 senae

137 1855 206 1901 esse
231 1834 413 1900 doctrinae?

179 1938 283 2003 XIIII.
307 1938 395 2001 Haec
420 1937 474 2019 qui
497 1936 540 2000 sis
565 1934 693 2014 faciens,
718 1954 799 2017 quae
822 1955 918 2001 sense
949 1936 1155 2001 aduersentur
1186 1937 1263 2002 ‹Ioc-

87 2064 122 2102 15
135 2043 247 2120 trinae,
272 2040 325 2123 qui
347 2040 536 2121 proscribas,
559 2042 718 2121 torqueas,
743 2040 900 2121 deportes,
923 2040 1033 2103 mtttas
1055 2040 1086 2103 in
1103 2058 1264 2103 carcerem

135 2143 386 2225 interficiasque,
411 2141 461 2206 dic
493 2144 639 2219 obsecro,
669 2141 697 2205 si
726 2142 769 2207 sis
799 2141 961 2206 dissimilis
992 2144 1030 2207 ab
1052 2141 1180 2207 Herode
1208 2142 1262 2207 illo

136 2266 223 2330 rege,
240 2247 330 2312 cuius
345 2246 560 2311 carnificinam
574 2246 754 2310 describens
769 2246 816 2309 itu
830 2245 969 2328 quuitur
985 2264 1076 2309 sacra
1092 2246 1262 2326 scriptura:

137 2352 241 2416 eodem
270 2351 307 2415 in
334 2355 470 2431 tempore
498 2352 624 2415 remisit
651 2349 794 2415 Herodes
826 2370 883 2413 ren
914 2368 1040 2432 manus,
1073 2354 1110 2413 ut
1142 2354 1264 2413 noceret

138 2454 292 2536 quasdam
313 2455 351 2520 de
372 2452 509 2520 ecclesia.
533 2453 647 2518 occidit
671 2458 779 2518 autem
802 2452 952 2519 Iacobum
974 2453 1110 2537 fratrem
1125 2452 1264 2517 Ioannis

88 2581 124 2618 20
136 2557 257 2642 plodio,
281 2563 312 2622 et
332 2579 402 2622 cum
424 2559 560 2623 uidisset
587 2559 670 2638 quod
687 2557 830 2639 pincerni
857 2557 913 2621 irae
935 2557 1076 2637 inducis,
1107 2555 1199 2620 addit
1228 2559 1265 2618 ut

139 2661 410 2742 comprehenderet
431 2661 572 2726 Petrum.
610 2666 703 2725 eraut
726 2665 831 2726 autem
854 2662 921 2726 dies
951 2679 1143 2742 aepmarum.
1180 2658 1263 2722 bunc

137 2785 209 2828 cum
242 2763 510 2844 reprehendisset,
543 2765 634 2828 ruisit
669 2765 704 2828 in
738 2783 894 2829 carcerem
928 2763 1091 2827 traditum
1116 2763 1266 2843 quattuor

138 2869 399 2948 quaternionibus
434 2867 576 2931 miiitum
609 2867 863 2948 custodiendum,
898 2867 1008 2930 uolens
1035 2869 1111 2948 post
1139 2863 1264 2946 paseba

135 2971 313 3051 producere
334 2991 405 3034 eum
422 2969 521 3050 piebi.
557 2969 674 3034 Petrus
701 2991 777 3034 unc
805 2970 1038 3034 custodiebatur
1065 2969 1103 3031 in
1132 2985 1264 3032 carcere.

88 3093 124 3133 se
138 3073 243 3138 aratia
266 3092 336 3156 erpo
350 3074 585 3138 instantissime
598 3073 694 3155 debut
709 3073 754 3136 ad
768 3073 934 3138 dominum
944 3091 1006 3152 pra
1022 3090 1055 3135 eo
1069 3070 1109 3134 ab
1124 3069 1261 3136 ecclesia.

137 3178 168 3242 et
190 3197 261 3242 cum
283 3175 430 3258 futurum
452 3181 528 3241 esset
550 3181 587 3240 ut
608 3197 678 3240 eum
700 3175 843 3242 Heraites
859 3177 1056 3259 produceret,
1084 3172 1146 3238 itta
1176 3177 1264 3236 nocte

138 3281 257 3346 Petrus
278 3281 452 3346 dormiebat
480 3281 565 3345 inter
590 3280 709 3346 milites
739 3279 895 3362 aitipatus
924 3281 1045 3344 oannis
1072 3276 1206 3360 duabus,
1235 3277 1265 3338 et

138 3383 279 3448 cudodes
301 3389 375 3448 ante
390 3384 517 3463 estium,
541 3389 569 3449 et
584 3383 799 3448 custodiebant
813 3401 978 3447 carcerem.
1008 3387 1035 3446 et
1050 3389 1115 3446 'ecce
1130 3367 1263 3460 unpeirtb

136 3487 263 3552 domini
285 3488 420 3566 adstitit,
442 3489 472 3550 et
489 3487 547 3551 tun
569 3487 608 3550 ab
629 3506 664 3551 eo
685 3487 814 3569 refulsit
835 3488 874 3550 in
890 3487 946 3550 tito
962 3486 1042 3565 ioco,·
1064 3491 1265 3565 conpunpen's

86 3607 121 3645 ³⁰
137 3597 245 3654 autem
267 3591 353 3675 tatus
376 3590 466 3655 Petri
489 3591 659 3655 suscitauit
680 3611 752 3656 euru
774 3590 898 3656 dicens:
927 3609 1021 3673 snrpe
1042 3587 1196 3653 uelociter.
1234 3588 1262 3648 et

134 3695 289 3778 surrexit,
311 3677 542 3759 er‘ceuueum
560 3682 690 3757 cannae
712 3693 750 3757 de
774 3693 922 3758 manibus
943 3693 1019 3777 eius,
1049 3693 1081 3756 et
1102 3690 1198 3756 inira:
1236 3690 1266 3751 et

135 3808 212 3861 euru
232 3797 402 3861 traiecisset
418 3797 543 3878 primos
564 3801 595 3860 et
616 3795 770 3893 neander
791 3792 939 3879 custodes,
962 3797 1050 3860 uenit
1073 3795 1116 3858 ad
1133 3798 1264 3876 parturn

150 4045 153 4049 ’
240 4035 341 4091 erim.
361 4036 385 4106 1,
403 4037 486 4090 sa-rr
558 4034 592 4090 rs
608 4037 668 4098 sa.
687 4036 729 4101 12,
748 4037 815 4090 r-r
875 4036 918 4090 er
936 4036 977 4090 n:
993 4036 1033 4104 rs,
1053 4037 1092 4090 rc,
1112 4037 1143 4088 11

130 4221 135 4232 ⁴
179 4219 206 4294 Ι5
225 4203 614 4311 superinscripsissent>
652 4223 1004 4320 '1'91esuscrip‘siesth
1085 4239 1117 4292 19
1136 4213 1266 4327 quotidem

134 4337 158 4396 (⁸
177 4346 212 4383 m.
230 4332 296 4397 rec.)
367 4328 607 4384 nandriensem.
625 4325 764 4383 latinius
833 4325 865 4381 21
886 4327 1027 4381 artmcrum
1224 4327 1233 4338 ‘
