3050 5000
829 405 977 461 Luciferi

510 646 519 668 ⁶
871 627 925 692 VI.

441 765 711 852 ariandon
726 765 796 850 AD
821 764 1095 849 evolantia
1121 765 1362 850 EPISTVLA.

340 963 463 1004 nonime
486 962 720 1004 Gnomosmsluro
743 962 782 1003 Ac
806 961 923 1002 MERITO
952 961 1260 1002 nusmmfflrssrnao
1291 962 1427 1005 comlscore

530 1064 684 1106 wentano
708 1063 904 1106 amuranus
927 1064 961 1103 IN
983 1063 1104 1104 DOMINO
1129 1064 1292 1104 ΙΑΙΝΤΕΜ.

385 1179 454 1244 litei
477 1178 571 1243 eredo
594 1177 775 1259 peruenisse
799 1176 895 1242 etiam
920 1175 960 1240 ad
984 1176 1188 1240 sanctitatem
1212 1176 1303 1240 tuam
1329 1177 1361 1242 de
1382 1200 1445 1260 por-1,

342 1281 515 1356 secutione,
550 1299 645 1364 qnam
680 1280 776 1344 etiam
805 1297 885 1344 nune
917 1279 1068 1344 aduersus
1101 1279 1335 1344 fraternitatem
1363 1281 1428 1344 iacere

343 1383 450 1448 eonati
484 1385 557 1447 sunt
589 1383 708 1447 inimici
738 1381 855 1448 Christi
889 1383 1075 1464 quaerentes
1103 1381 1296 1464 sangninem
1322 1385 1428 1448 nostum.

269 1556 274 1564 ,
342 1488 476 1569 possunt
503 1487 609 1550 tamen
643 1485 739 1550 etiam
769 1484 923 1550 carissimi
954 1483 1053 1550 nostri
1072 1483 1192 1550 referre
1217 1485 1356 1568 religioni
1373 1487 1428 1558 tuae

343 1588 375 1652 in
399 1589 523 1652 tantum
546 1588 629 1652 enim
651 1587 773 1652 rabiem
795 1605 885 1652 suam
907 1605 963 1670 per
977 1585 1095 1652 milites
1117 1587 1293 1652 extendere
1309 1587 1428 1655 ansisunt

343 1692 380 1755 ut
407 1710 466 1754 non
490 1690 590 1755 solum
607 1690 746 1754 ciuitatis
762 1689 894 1754 elericos
912 1689 1093 1772 effugarent,
1118 1688 1174 1754 sed
1201 1689 1301 1754 etiam
1324 1689 1445 1752 adheret

343 1793 425 1858 mias
460 1793 579 1858 exirent
616 1795 648 1856 et
676 1793 817 1858 funestas
845 1811 919 1858 suas
950 1811 1062 1856 manus
1091 1791 1250 1858 aduersus
1278 1797 1428 1877 μονάζοντες

343 1895 549 1960 inmitteront.
593 1895 667 1960 inde
695 1894 815 1960 factum
845 1895 893 1960 est
923 1897 959 1960 ut
981 1895 1077 1960 etiam
1105 1915 1164 1979 ego
1193 1915 1249 1960 me
1270 1895 1379 1978 longius
1395 1894 1428 1956 at

345 1998 567 2076 duceremus
592 1999 688 2064 etiam
717 1998 849 2082 quinos
874 2000 1081 2080 susceperunt
1101 1999 1268 2082 negotium
1293 1999 1328 2062 ab
1349 1995 1426 2060 eisden

343 2100 534 2186 paterentur.
579 2099 631 2164 oui
660 2099 776 2165 etenim
805 2101 937 2181 pareent
958 2101 1083 2166 Arriani
1112 2101 1165 2184 qui
1188 2121 1251 2166 nec
1276 2100 1373 2166 animis
1389 2099 1427 2162 sni

343 2205 571 2286 pepercerunt?
595 2203 720 2286 quando
744 2204 850 2268 autom
873 2206 1004 2285 possunt
1026 2206 1174 2272 reoedere
1201 2225 1222 2270 a
1245 2205 1309 2270 suis
1328 2201 1442 2268 nefandos

349 2307 482 2383 antibus,
507 2307 582 2371 dum
603 2307 788 2388 permanent
810 2306 953 2390 negando
979 2307 1139 2372 dominnm
1162 2307 1323 2374 Christum
1343 2305 1425 2369 unonn

345 2409 448 2474 filium
471 2409 542 2473 dei?
564 2411 641 2473 haee
666 2410 715 2474 est
735 2409 826 2472 radix
850 2427 957 2474 eorum
979 2410 1155 2492 prauitatis,
1179 2412 1241 2476 hoe
1266 2430 1319 2476 sno
1341 2424 1426 2472 arenoso

345 2512 547 2578 fundamento
565 2512 735 2577 aedificant
748 2532 915 2595 peruersas
932 2532 1006 2579 suas
1021 2513 1100 2591 uias,
1120 2514 1206 2579 sieut
1218 2515 1360 2599 seriptum
1369 2511 1424 2575 inue-

346 2616 453 2681 nimus
474 2616 507 2679 in
527 2616 622 2681 tertio
647 2615 770 2680 decimo
785 2614 924 2697 psalmo:
947 2616 1031 2681 dieii
1050 2618 1207 2699 insipiam
1230 2621 1269 2683 ia
1290 2616 1366 2683 eorde
1382 2632 1425 2676 sao:

349 2738 417 2783 aaa
439 2723 485 2784 est
504 2718 589 2797 deus,
614 2718 647 2781 et
669 2736 742 2783 mox
764 2717 921 2800 sequitur:
945 2719 1087 2801 corrupti
1108 2725 1184 2785 sarai
1205 2713 1439 2785 etadomiootiioa

351 2822 433 2903 faeti
452 2825 530 2885 auat
548 2821 586 2885 ia
608 2820 753 2903 apamias
774 2822 854 2887 sais.
892 2818 966 2886 inde
988 2820 1100 2887 Iudaei
1122 2825 1277 2906 negantes
1297 2821 1380 2886 filim
1395 2814 1424 2879 ii

351 2922 439 3005 digni
459 2924 584 2987 fuerumt
608 2921 731 2988 andire:
752 2944 825 3001 aaa,
845 2944 923 3007 geas
933 2926 1105 3006 poeonia,
1124 2927 1270 3008 populas
1279 2925 1378 3008 piena
1392 2922 1422 2986 o·
1446 2920 1447 2926 ’

354 3026 450 3105 lictis,
473 3046 577 3091 marea
592 3026 781 3109 malignam,
804 3026 869 3109 filii
883 3028 952 3093 siae
968 3028 1041 3111 iege.
1063 3029 1148 3093 eade
1162 3030 1233 3095 siae
1249 3029 1330 3113 lege?
1347 3026 1423 3109 quaa
1445 3094 1446 3097 ,

351 3130 429 3211 qaia
457 3128 668 3210 dereliquistis
695 3130 870 3195 dominam.
917 3128 990 3193 inde
1020 3130 1223 3197 beatissimus
1250 3130 1355 3196 Pardua
1379 3107 1446 3189 oon*

348 3230 507 3312 coepisset
527 3250 588 3296 nou
609 3230 733 3295 tantum
748 3230 878 3295 eredere
893 3232 925 3296 in
941 3231 1041 3297 filium
1058 3232 1118 3311 dei,
1141 3253 1254 3299 uerum
1270 3234 1353 3299 etiam
1363 3244 1445 3312 prae-t

350 3332 457 3397 arare
482 3331 633 3398 aestatem
656 3332 764 3415 ipsius,
789 3334 962 3400 orbesat:
996 3337 1032 3401 a
1059 3336 1149 3402 anza
1177 3338 1260 3403 maai
1285 3335 1354 3401 aar
1374 3350 1419 3396 oo-
1444 3302 1445 3372 i

346 3436 430 3500 scias
452 3455 532 3501 aim.
555 3435 603 3500 ita
622 3434 712 3501 iuxta
732 3437 873 3503 uestram
895 3437 1122 3504 confessionem
1145 3440 1243 3505 etiam
1258 3458 1311 3505 noa
1324 3437 1419 3520 optma
1443 3482 1444 3487 η

456 3604 551 3659 15120.
571 3604 645 3670 13,1
717 3606 749 3660 16
767 3605 813 3661 Ps.
833 3606 910 3671 13,a
981 3608 1013 3662 18
1031 3608 1074 3663 Es.
1094 3610 1152 3678 1,4
1222 3602 1443 3689 221001141

398 3772 442 3828 Vi.
470 3774 555 3829 Hane
578 3774 728 3843 epiaadm
752 3792 786 3830 aa
804 3778 930 3845 mitigatio
952 3778 1063 3833 Galliae
1080 3778 1222 3834 codicibus
1241 3782 1310 3834 inter
1325 3767 1417 3831 rotarii

351 3859 485 3929 Viqaiirmr
494 3859 662 3928 rapiam
669 3877 700 3929 p.
712 3864 766 3915 109
778 3876 816 3929 aq.
828 3862 920 3917 edidit
932 3862 1088 3930 chiffletius
1100 3864 1214 3919 otiosior
1225 3862 1415 3926 Ariamenen
1441 3892 1442 3911 t

348 3945 402 3997 12
421 3960 452 4012 p.
475 3947 529 3998 965
551 3944 790 4012 Moatsaaceaiae
892 3962 1005 4005 nonno
1029 3980 1061 3990 —-
1080 3966 1210 4007 aurnum
1232 3946 1379 4006 iaeeriiiti'

347 4044 569 4133 dfraternitatem
580 4049 699 4101 nostram
712 4047 793 4117 Giriff.
862 4051 894 4105 10
906 4020 1034 4106 heremias
1053 4055 1070 4118 (²
1088 4070 1124 4107 aa.
1141 4056 1169 4121 1)
1193 4055 1224 4124 V,
1242 4053 1351 4108 heremias
1363 4044 1414 4100 coia
1440 4080 1441 4091 t

355 4130 427 4185 Vera·
438 4146 491 4198 quo
510 4131 597 4186 Goieti
613 4134 767 4189 utebantur
784 4140 811 4189 et
829 4135 909 4203 Oioiff.
1011 4137 1043 4192 11
1066 4142 1236 4193 monazontes
1259 4141 1343 4208 Πετη-
1365 4134 1374 4199 i

353 4216 386 4269 12
404 4234 452 4286 ego
470 4233 519 4273 om.
542 4220 607 4274 Vera.
685 4220 718 4274 14
735 4220 778 4274 eni
796 4221 877 4275 etiam
893 4225 1030 4291 parcerent
1050 4224 1114 4279 Vera.
1182 4225 1261 4279 minis
1282 4224 1333 4281 Vea.
1347 4212 1413 4273 uteie
1439 4268 1440 4271 η

353 4304 480 4358 mendose
547 4303 579 4357 21
598 4304 687 4359 iudaei
703 4323 725 4361 a.
743 4308 761 4361 i.
830 4306 864 4361 26
882 4308 1023 4378 scribebat]
1043 4308 1110 4362 dixit
1127 4309 1207 4377 dioiff.
