3050 5000
465 380 506 433 De
525 381 615 432 sancto
633 378 780 432 Athanasio
798 378 865 431 liber
882 378 914 432 II.
1194 378 1254 442 153

123 568 269 631 tionem?
291 585 329 630 ne
352 566 467 631 dixisse
483 568 671 631 memineras
688 567 863 630 dominnm:
887 568 1026 631 cedatis
1041 569 1119 650 quic
1133 568 1255 632 dietum
1300 621 1305 630 .

125 678 174 736 est
202 673 362 753 amiciis:
395 692 462 737 raca
491 672 608 737 occides
615 702 625 752 ,-
656 673 844 753 pedemque
871 677 976 735 catere
1005 671 1151 735 occiderit
1180 690 1253 734 reas
1359 654 1364 669 ’

126 776 192 839 erit
214 774 341 839 iudicio.
364 794 418 857 epo
441 779 547 839 ccum
568 775 638 839 dico
666 775 756 838 rodis
786 774 866 854 qaod
895 776 999 839 omnis
1025 776 1080 856 qui
1101 775 1254 838 irascitur

124 878 300 957 fratrissa
315 879 384 942 sire
400 898 498 942 caasa
512 896 585 941 reas
599 880 660 942 erit
674 878 806 954 iudicio,
830 878 866 940 ut
880 877 958 941 haec
974 876 1043 939 fieri
1058 877 1252 958 imperares?

89 980 154 1044 ssi
176 980 276 1044 iratus
299 980 386 1045 inere
410 981 476 1044 sine
499 999 597 1045 cansa
618 980 707 1043 fratri
730 998 811 1057 meo,
843 981 870 1043 si
894 980 999 1044 dixero
1024 998 1095 1043 eum
1118 979 1250 1057 fetuum,

124 1102 218 1146 reum
246 1102 298 1147 me
328 1083 407 1147 dicit
434 1083 574 1147 tirtnrnm
603 1084 714 1147 unicus
746 1083 798 1147 dei
827 1082 911 1147 filins
933 1084 965 1147 in
989 1084 1178 1165 gehennam3
1210 1084 1250 1158 et,

124 1186 298 1267 imperator
311 1183 484 1262 Constanti,
502 1186 530 1249 si
540 1186 650 1250 fudero
658 1204 807 1257 cruorem
818 1185 1001 1262 innocentis,
1019 1185 1097 1248 dieis
1113 1186 1253 1267 requiem

129 1289 221 1374 <me>
253 1289 414 1353 aeternam
443 1306 662 1369 possessurum
695 1306 752 1352 nec
782 1288 917 1351 retinere
947 1289 1092 1369 potuisti,
1129 1289 1252 1370 quando

124 1391 333 1455 meditabaris
356 1390 491 1455 interfici
521 1391 696 1472 oportuisse
724 1391 944 1469 Athanasium,
975 1392 1030 1455 sub
1060 1392 1146 1473 quali
1176 1410 1252 1455 con-

76 1514 109 1553 ιο
126 1494 247 1559 ditione
269 1512 401 1559 munera
417 1495 545 1559 iusserit
562 1494 663 1559 offerri
680 1494 847 1558 dominns?
869 1495 897 1557 si
911 1495 1012 1577 ipitur
1027 1496 1121 1575 ott'ers
1136 1514 1254 1559 maras

125 1602 219 1661 urum
239 1599 283 1663 ad
298 1598 403 1663 attare
416 1603 446 1661 et
459 1598 505 1661 ibi
520 1602 745 1663 rememoratus
760 1598 872 1681 scarie,
897 1598 979 1679 qaod
993 1598 1109 1663 tabens
1129 1598 1254 1678 aliquid

124 1720 199 1765 cum
220 1702 322 1784 tratre
343 1707 407 1782 tuo,
425 1722 650 1783 peramarum
672 1708 763 1765 terrm
786 1707 860 1765 arete
883 1701 987 1765 attare
1009 1705 1039 1765 et
1060 1702 1253 1781 redopertus

123 1806 331 1869 reconciliari
351 1805 453 1884 fratri
475 1810 538 1887 tuo,
566 1809 595 1868 et
624 1810 868 1869 tererestereres
898 1805 992 1883 offers
1014 1823 1131 1868 marus
1153 1810 1254 1867 trum.

125 1908 204 1989 quid
218 1908 322 1972 inerat
337 1909 484 1989 operatus
499 1908 654 1971 malorum
670 1906 872 1983 Athanasius,
891 1907 926 1970 ut
941 1908 1019 1970 haee
1038 1906 1253 1987 transgressus

77 2029 108 2066 1⁵
123 2012 297 2093 praecepta
311 2010 446 2075 interfici
463 2030 534 2075 eum
548 2010 739 2074 mandares?
762 2028 874 2090 nempe
890 2012 958 2086 hoe,
976 2010 1059 2091 quod
1075 2029 1108 2073 se
1122 2010 1254 2075 Christi-

126 2132 222 2178 anum
245 2115 359 2179 dixerit
375 2117 429 2179 ant
446 2115 548 2188 dicat3
573 2113 659 2177 alind
685 2114 803 2177 etenim
825 2113 902 2177 nihil
919 2114 967 2176 est
990 2113 1073 2193 quod
1098 2115 1253 2177 execraris

126 2217 222 2298 atque
245 2236 279 2283 es
301 2218 410 2299 punire
433 2217 562 2298 cupiens
583 2217 614 2279 in
638 2216 820 2280 Athanasio.
867 2234 926 2279 non
949 2216 1137 2279 memineras
1159 2236 1253 2298 pree·

125 2321 249 2402 cepisse
280 2320 440 2385 dominum
468 2320 565 2384 etiam
593 2319 737 2383 inimicos
768 2319 959 2400 diligendos,
994 2320 1029 2381 ut
1060 2336 1130 2381 eum
1161 2338 1254 2400 quem

125 2441 227 2505 neque
256 2424 288 2486 in
315 2432 348 2487 te
377 2442 478 2506 neque
506 2423 537 2488 in
567 2422 660 2485 deum
689 2423 788 2486 scires
820 2440 970 2504 peccasse
1003 2423 1070 2486 tam
1101 2424 1252 2487 acerrime

77 2553 108 2592 so
125 2527 241 2592 fuisses
257 2529 463 2609 persecutus?
483 2529 622 2593 cedatis
637 2529 716 2608 quia
730 2527 852 2591 dicture
867 2531 926 2591 est:
941 2527 1054 2618 diiipes
1065 2529 1251 2608 preciosam

124 2635 216 2695 tuum
239 2618 275 2695 e't'
288 2633 360 2696 odio
382 2631 508 2696 habebis
529 2632 700 2695 inimicum
722 2635 822 2693 tuere.
852 2649 905 2711 epo
927 2635 1032 2692 artem
1054 2631 1125 2694 dico
1149 2630 1253 2693 uobis:

126 2733 253 2816 ditipite
275 2735 423 2799 inimicos
446 2740 563 2798 cestros
585 2738 613 2795 et
628 2734 797 2797 benedicite
812 2731 1031 2796 ractediccrctes
1046 2751 1103 2796 reos
1121 2737 1148 2795 et
1164 2734 1253 2796 berce-

122 2836 225 2917 facite
247 2838 301 2919 eis,
326 2838 381 2917 qui
397 2841 608 2918 persecuntur
628 2857 695 2919 aoS,
720 2841 749 2899 et
771 2840 859 2899 orate
876 2855 937 2914 pro
961 2836 1015 2916 cia,
1040 2837 1095 2915 qai
1110 2853 1166 2898 rios
1175 2855 1253 2915 per-

122 2942 285 3016 secuntur,
308 2945 344 3003 at
365 2941 438 3003 sitis
460 2940 524 3020 sitii
541 2940 650 3019 patris
672 2940 772 3002 uestri
793 2939 848 3018 pri
863 2944 908 3000 est
923 2939 960 3000 ire
975 2938 1081 3021 rectia,
1106 2939 1160 3020 qui
1177 2939 1255 3001 sotis

75 3069 106 3109 25
128 3045 220 3105 crtus
241 3042 361 3106 exhibet
383 3061 477 3123 saper
499 3042 592 3105 bonos
620 3046 651 3104 et
678 3043 779 3104 melos
808 3046 838 3104 et
858 3040 946 3122 picit
977 3060 1072 3120 seper
1099 3043 1198 3104 iustos
1226 3045 1255 3104 et

121 3145 269 3210 iniustos,
293 3147 322 3208 si
343 3146 430 3209 enim
451 3145 628 3209 dilexeritis
650 3165 699 3209 eos
721 3146 778 3226 qai
800 3145 857 3208 rios
880 3145 1029 3226 ditipcrrrt,
1053 3163 1149 3223 qoam
1167 3163 1250 3206 roer-

121 3243 227 3313 eedem
241 3249 418 3313 habebitis?
439 3268 545 3312 corae
559 3253 588 3312 et
598 3248 768 3329 publicari
785 3250 831 3310 ite
845 3247 996 3326 facient?
1018 3255 1046 3309 et
1060 3248 1089 3310 si
1105 3246 1254 3310 satietatis

121 3352 244 3416 amieos
266 3357 386 3415 cestros
410 3355 547 3426 tacturi,
570 3352 744 3433 quidplus
768 3351 901 3432 facitis?
935 3369 1039 3414 rcere
1068 3355 1095 3414 et
1116 3349 1248 3431 pectites

229 3539 242 3590 1
261 3538 357 3591 Matth.
376 3539 401 3602 5,
420 3538 461 3593 21.
480 3539 514 3591 22
585 3539 617 3591 10
635 3538 671 3590 ib.
689 3538 714 3602 5,
733 3538 775 3592 23.
794 3538 828 3590 24
897 3538 930 3589 20
949 3537 984 3590 ib.
1004 3538 1028 3600 5,
1047 3537 1150 3589 43-48

177 3677 189 3731 1
216 3692 249 3728 ne
275 3677 314 3730 Vr
343 3677 428 3743 (quod
447 3693 501 3744 pro
525 3692 574 3729 nec
597 3693 654 3730 esse
682 3677 756 3743 falso
777 3675 909 3770 pataret),
937 3689 1024 3726 nonne
1048 3675 1093 3727 icet
1117 3690 1184 3726 anne
1209 3679 1253 3726 iret

121 3793 173 3831 nec
196 3778 267 3831 cerci.
293 3777 464 3830 Gaiicrrdius
573 3777 589 3829 3
614 3779 680 3831 aerit
786 3779 800 3829 5
826 3793 884 3861 cnr-n
902 3776 920 3844 (¹
938 3795 971 3831 m.
990 3779 1053 3840 ree.)
1077 3779 1107 3846 V,
1127 3778 1185 3830 civ

121 3882 227 3934 fatuum
243 3882 355 3949 scripsi,
374 3881 448 3934 fatuo
470 3883 501 3952 V,
518 3880 591 3934 fatue
614 3884 640 3936 V
653 3901 687 3936 rr.
705 3899 758 3936 rcc.
777 3887 837 3936 eto
907 3881 923 3934 6
943 3883 990 3934 et²¹¹
1002 3888 1027 3909 ¹²¹⁰
1046 3883 1074 3947 (tu
1088 3887 1113 3908 '²²⁰
1133 3899 1167 3934 rr.
1186 3885 1250 3946 rec.)

126 3987 159 4052 V,
178 3988 205 4038 et
222 4003 246 4048 r,
266 3988 293 4038 et
311 3988 341 4037 tu
359 3987 429 4039 corti.
451 3985 623 4039 Gallarcdies
725 3985 742 4038 8
759 4001 802 4038 me
820 3985 923 4038 addidi
1029 3985 1060 4038 10
1078 3951 1184 4068 iusseri}

123 4105 156 4157 11
176 4070 256 4157 {beas
327 4105 359 4157 13
377 4105 455 4158 offere
477 4107 503 4159 V
519 4107 566 4172 (cf.
585 4107 711 4160 Roercecir
730 4107 779 4157 1t.²
798 4108 874 4172 294),
893 4104 990 4157 offere
1066 4104 1097 4156 16
1117 4103 1183 4156 aliut

121 4209 155 4260 21
168 4208 248 4261 norro
260 4214 323 4262 mr
392 4208 527 4262 essaeos
595 4209 629 4262 re
643 4182 873 4292 enimomnes.)
945 4208 1043 4260 mese
1057 4207 1185 4260 sesana
1231 4239 1233 4244 ,

123 4295 158 4346 28
176 4294 276 4348 amieos
294 4298 320 4364 (a
337 4295 368 4347 irc
386 4311 441 4349 roa
463 4311 524 4362 sup.
544 4294 590 4361 ini)
