3050 5000
434 349 600 403 Moriendum
619 367 675 403 esse
693 367 738 419 pro
757 352 801 405 dei
817 353 880 406 filio.
1157 357 1220 421 305

87 561 215 622 parare
237 542 343 625 filiam
361 544 462 623 patr-i.
502 542 556 605 aut
572 558 627 604 our
651 541 811 605 dominum
828 542 943 607 dixisse
961 543 1138 609 arbitreris:
1162 549 1218 627 pai

95 666 144 711 me
165 646 358 710 emeratis
380 649 409 708 et
425 650 563 726 patrem,
588 644 634 708 et:
658 664 710 727 epo
732 651 759 709 et
777 650 872 726 pater
893 667 995 711 amam
1016 667 1135 732 sames,
1158 650 1218 715 nisi

96 748 182 829 quod
203 769 267 813 une
289 749 331 812 sit
351 748 492 830 potentie
513 747 612 830 petris
636 748 668 811 et
689 747 769 813 filii?
812 749 848 812 tu
878 749 967 827 diois,
997 751 1080 831 quod
1103 753 1219 817 hebent

95 851 181 916 filius
202 852 342 925 initium;
368 852 400 914 et
421 870 477 915 nos
501 851 633 915 dicimus
657 852 723 915 sine
745 852 834 915 initio
860 871 938 929 esse,
956 854 1112 935 siquidem
1129 874 1218 919 omne

67 972 82 1011 ⁵
97 955 182 1037 quod
193 956 290 1020 hebet
302 955 425 1019 initium
438 954 470 1017 et
480 953 574 1017 finem
585 955 686 1035 possit
696 955 812 1019 hebere
825 973 953 1019 necesse
967 957 1023 1019 est.
1036 957 1133 1039 igitur
1146 976 1218 1023 oum

96 1058 262 1121 credamus
275 1057 401 1120 unicum
418 1057 469 1120 dei
485 1056 586 1121 filium
601 1058 763 1121 aeternum
779 1076 858 1136 esse,
875 1059 933 1123 hoc
951 1059 999 1123 est
1015 1061 1218 1127 coaeternum

94 1162 179 1244 petri
203 1163 234 1224 et
257 1180 313 1225 uos
335 1161 442 1224 hostes
466 1160 516 1223 dei
539 1161 670 1243 negetis,
694 1180 795 1224 nonne
817 1162 992 1227 rectissime
1010 1163 1170 1245 dementes
1188 1168 1219 1229 et

96 1264 180 1327 omni
202 1264 353 1327 uecordia
382 1264 540 1345 saginatos
568 1263 650 1327 filios
681 1262 880 1344 pestilentiae
904 1283 960 1329 uos
983 1272 1218 1348 nuncupamus?

97 1367 272 1448 dequibus
300 1366 418 1431 clamat
445 1367 556 1431 boetus
589 1367 759 1448 spostolus,
789 1367 824 1429 ut
851 1366 925 1432 tuno
950 1367 989 1432 de
1012 1369 1155 1434 Iudaeis:
1190 1376 1219 1435 et

48 1486 80 1524 10
93 1472 177 1535 sicat
200 1491 265 1535 eom
284 1471 498 1551 probauerant
520 1471 612 1535 deam
634 1470 746 1535 trabere
768 1471 805 1534 ia
827 1472 953 1549 aetitia,
985 1472 1123 1535 tradidit
1144 1473 1218 1539 dios

94 1576 173 1638 deus
194 1574 231 1636 im
252 1574 417 1653 reprobam
437 1592 572 1652 seusam,
595 1579 631 1637 at
643 1574 771 1655 faedaret
788 1594 824 1637 ea
839 1594 919 1655 puae
935 1594 998 1637 aaa
1013 1576 1215 1659 commendaret,

97 1677 130 1739 et
153 1676 193 1739 ed
215 1676 446 1759 Philippenses:
472 1678 682 1741 coimitatores
703 1678 765 1742 orei
787 1680 890 1758 estote,
914 1677 1040 1761 fratres,
1064 1682 1094 1741 et
1114 1679 1215 1743 obser-

94 1785 169 1843 aate
197 1800 246 1845 eos
273 1781 330 1861 pai
355 1781 401 1843 sic
421 1780 606 1866 ambularet,
638 1782 720 1845 sicat
747 1780 869 1844 debetis
895 1781 1034 1859 formam
1061 1787 1214 1846 dostram.

94 1883 189 1947 matti
209 1884 295 1947 euim
317 1882 493 1960 ambularat,
515 1884 598 1963 paod
619 1903 710 1964 saepe
731 1883 872 1949 diaetam
888 1882 983 1962 uobis,
1007 1904 1094 1947 eaeo
1110 1888 1227 1973 autem

51 1999 80 2039 1⁵
93 1991 124 2050 et
142 1986 221 2065 deas
243 1986 321 2064 dico,
343 1987 491 2049 inimicos
514 1986 617 2049 crocis
639 1986 770 2070 Christi,
793 2007 928 2067 pueram
948 1988 1027 2069 fiais
1048 1994 1093 2053 est
1115 1990 1215 2053 imter-

94 2091 171 2169 itas,
195 2108 328 2170 qaorum
350 2088 427 2151 deus
448 2092 558 2151 aeater
579 2092 633 2170 est,
656 2092 685 2152 et
698 2087 807 2170 pieria
821 2090 858 2151 iro
873 2089 1057 2171 confusione
1072 2093 1215 2172 ipsoram

94 2193 151 2273 pai
172 2196 297 2256 terreaa
318 2192 460 2271 sapiam,
493 2190 589 2254 etad
612 2190 813 2255 Timotheum
837 2190 875 2254 de
896 2192 939 2268 te,
971 2192 1143 2272 Constanti,
1180 2212 1215 2258 ec

93 2295 153 2359 tibi
177 2293 389 2359 dilectissimis
419 2293 610 2375 conpenditis
636 2293 716 2357 tuis:
749 2296 887 2375 spiritus
914 2300 1020 2359 autem
1047 2297 1216 2377 manifeste

94 2400 173 2463 dicit
201 2401 279 2481 qaia
306 2399 344 2464 im
372 2397 558 2461 modimimis
586 2397 774 2478 temporibus
796 2398 935 2463 recederet
958 2398 1089 2479 paidom
1112 2421 1133 2463 a
1152 2401 1216 2481 fode

51 2513 80 2552 20
94 2503 297 2566 adteadeetes
324 2501 492 2584 spiritdas
519 2501 743 2575 seductoribus,
778 2501 933 2566 doetriais
965 2503 1214 2588 daemoniorum,

93 2607 133 2668 iro
154 2605 312 2688 hypocrisi
333 2605 681 2687 mendaciloquentium,
705 2606 919 2670 cauteriatam
941 2605 1122 2670 dabemtiam
1144 2627 1215 2672 cort-

93 2711 262 2774 seierrtiam
284 2729 387 2774 saam.
432 2728 489 2773 uos
513 2709 613 2772 adhuc
642 2707 780 2790 percutit
803 2708 896 2789 etque
918 2707 1067 2774 interficit
1088 2709 1216 2791 spiritus

95 2813 224 2876 sanctus
247 2830 300 2876 ore
317 2811 458 2882 eiusdem
473 2811 558 2877 beati
575 2811 710 2894 apostoli
724 2811 830 2875 Pauli:
853 2812 890 2876 ia
905 2812 1091 2876 nouissimis
1107 2813 1215 2878 dietus

94 2917 268 2980 adaemieat
283 2921 426 2998 tempora
434 2915 628 2996 periculosa.
652 2920 746 2979 eraut
760 2915 903 2982 homiues
918 2935 950 2980 se
963 2916 1048 2997 ipsos
1063 2921 1215 2997 cocantes,

53 3038 79 3077 2⁵
94 3019 216 3103 capidi,
241 3019 377 3098 superbi,
401 3019 571 3100 fastidiosi,
593 3018 779 3099 blasphemi,
798 3018 990 3098 parentibus
1011 3038 1076 3082 mom
1091 3018 1214 3082 oboedi-

95 3129 189 3205 entes,
213 3123 348 3205 imprati,
371 3123 503 3200 scelesti,
524 3123 592 3186 siae
614 3122 800 3202 adfectione,
827 3122 897 3186 sime
918 3121 988 3204 fide,
1018 3121 1215 3202 detractores,

93 3227 335 3304 iaceatiaeates,
357 3225 498 3302 immites,
526 3225 595 3290 siae
616 3225 818 3306 temipmitate,
841 3223 1030 3304 proditores
1061 3224 1215 3302 proterat,

95 3327 213 3408 infiati,
229 3328 433 3410 aotaptatam
449 3331 607 3391 amatores
618 3328 721 3408 mapis
736 3346 833 3406 paam
846 3325 905 3408 dci,
921 3324 1068 3390 habentes
1083 3327 1215 3406 speciem

90 3432 236 3512 pietatis,
268 3433 435 3496 acritatem
458 3436 563 3496 aetem
585 3431 690 3511 ipsias
711 3434 879 3511 mepamtes;
900 3433 930 3506 et
950 3428 1005 3492 dos
1028 3429 1146 3514 dedita,
1185 3431 1217 3492 et

54 3551 80 3588 30
93 3534 190 3598 infre:
225 3536 484 3616 quernadmodam
513 3538 618 3598 autem
641 3532 763 3596 Iammes
793 3537 820 3596 et
844 3532 1008 3616 Mambres
1029 3533 1216 3598 resisterent

97 3639 218 3721 Mopsi,
242 3638 289 3702 sic
306 3641 334 3701 et
356 3637 391 3700 m·
413 3637 556 3701 resisterit
578 3635 720 3720 ueritati,
744 3635 886 3698 homiues
908 3636 1174 3716 corruptimeete
1189 3639 1217 3698 et

199 3840 382 3908 110h.14‚9
438 3838 659 3908 ‚2.,ib.10‚3o
754 3837 862 3898 ttBom.
882 3838 958 3901 1,28
1054 3837 1171 3893 12Phi1.
1190 3838 1216 3900 3,

95 3928 198 3982 17-19
267 3923 546 3989 181hm.4‚1.2.
606 3923 765 3982 sensim.
783 3923 809 3988 3,
828 3923 895 3976 1-5
964 3923 998 3976 30
1014 3922 1050 3977 ib.
1069 3923 1093 3986 3,
1113 3923 1171 3976 8.9

149 4099 248 4166 lqnae
316 4063 543 4155 dcoeaeternnm
601 4096 775 4154 dueecordia
844 4096 876 4150 14
895 4108 958 4164 qnos
976 4095 1093 4160 Lucifer
1107 4110 1137 4161 p.
1155 4097 1215 4156 199,

94 4188 130 4236 19
201 4184 231 4236 17
250 4183 423 4253 thimotheum
500 4182 532 4235 19
551 4182 655 4251 quidem
728 4181 762 4233 23
780 4181 856 4236 Pauli
875 4197 958 4240 omo
1027 4179 1059 4232 25
1079 4178 1217 4238 oboedien-

94 4267 168 4320 tibus
186 4267 296 4336 ingretis
365 4269 551 4322 301amneso
620 4269 774 4321 restiterunt
790 4267 858 4334 fort.
927 4266 958 4320 31
976 4268 1077 4344 mente*

149 4371 232 4426 XIIII.
1080 4367 1113 4421 20
