3050 5000
1135 423 1237 471 XXVII

106 611 229 678 Ι222222
252 589 680 678 122222122221212222112
708 593 791 658 desis
820 611 920 675 oeque
947 593 1241 674 2221222212212

110 701 203 783 (dum
226 700 279 781 V).
319 701 390 780 103,
419 698 441 763 0
470 701 500 764 si
527 699 635 762 122112
663 695 751 778 fuero
769 698 843 760 2122
863 713 961 761 cause
986 695 1088 776 (22121
1110 715 1186 781 meo,
1209 697 1238 760 at

108 804 222 868 dicero
250 823 333 868 222
362 804 405 888 (21
426 819 467 866 m.
491 801 569 883 rec.)
603 802 731 883 (212222
766 792 871 883 (fatuo
894 799 932 880 V,
969 799 1059 880 fotae
1079 815 1122 861 ma
1144 801 1236 880 rec.)

109 903 545 988 224,1011212(-2211).
583 901 753 967 incertiora
781 901 856 966 sunt
883 917 965 982 quae
992 901 1115 965 tentari
1143 901 1194 979 22,
1218 902 1242 966 8

111 1009 259 1091 (uerbum
279 1009 345 1090 121)
369 1013 498 1072 acutum
519 1008 606 1071 22221
625 1007 734 1089 9121112
755 1005 995 1069 2221121222
1011 1008 1093 1088 (creo
1107 1003 1161 1085 V),
1185 1004 1239 1069 noi

111 1110 298 1176 insolentior
327 1111 483 1176 ablatiuus
512 1109 747 1193 comparatiuus
780 1114 836 1194 (2.-
858 1110 960 1192 magis
989 1110 1117 1174 acutum
1144 1124 1239 1191 quam

112 1212 243 1294 gladius
267 1214 482 1295 acutsaimus)
505 1213 606 1278 latere
627 1203 740 1295 potest,
779 1213 831 1291 81,
859 1213 901 1278 29
930 1230 1119 1296 recusamque
1147 1228 1240 1288 suam

115 1319 287 1398 (22922222
300 1335 355 1382 roco
372 1318 412 1400 V)
433 1319 580 1399 potitam,
605 1319 675 1395 128,
700 1317 878 1383 1021211211
903 1317 1122 1397 disciplinam
1139 1316 1251 1380 exeri-³

107 1419 166 1499 plo
190 1423 280 1501 (222
303 1419 346 1500 V)
369 1421 561 1496 12222211,
585 1419 638 1484 ubi
663 1419 859 1504 asyndetnm
889 1418 973 1501 quod
996 1419 1081 1482 amat
1103 1415 1240 1497 Lucifer,

116 1539 209 1584 snum
232 1521 338 1586 locum
362 1521 510 1586 defendit.
535 1564 537 1572 ι

156 1640 367 1722 Frequentius
403 1641 498 1706 etiam
533 1639 660 1706 uocales
682 1662 698 1705 2
720 1641 733 1704 1
757 1640 789 1704 21
810 1638 1046 1706 terminationes
1075 1661 1154 1724 quae
1182 1643 1242 1707 hes

114 1744 235 1808 habent
258 1744 385 1808 uocales
408 1727 687 1823 confundebantur,
714 1743 831 1809 utnon
857 1743 1042 1809 audaciores
1065 1745 1241 1824 uideamur,

114 1847 141 1911 si
163 1847 293 1929 saepius
321 1848 431 1912 contra
460 1847 679 1912 anctoritatem
703 1846 823 1911 codicis
845 1845 1021 1926 fecerimus,
1052 1866 1241 1931 quamquam

114 1949 245 2015 liberior
266 1951 359 2015 huius
383 1951 542 2033 scriptoris
561 1951 592 2014 et
613 1951 790 2032 temporum
807 1950 839 2014 et
860 1949 1025 2015 modorum
1040 1969 1116 2016 usus
1133 1969 1240 2014 emen-

117 2053 221 2118 dantis
246 2053 397 2117 fiduciam
419 2072 479 2119 non
501 2071 571 2118 raro
594 2054 748 2118 inminuit.
785 2054 842 2118 aed
864 2054 1000 2119 scribere
1024 2054 1077 2118 uel
1099 2053 1241 2119 conicere

117 2175 176 2220 non
207 2157 367 2221 dubitaui:
402 2156 453 2234 75,
485 2157 523 2222 13
557 2161 591 2220 12
626 2178 680 2222 222
713 2157 840 2238 quidem
873 2157 1072 2221 2211221122
1103 2159 1245 2222 uolueris

115 2260 264 2340 praeteri
291 2261 362 2324 2122
390 2259 446 2324 deo
477 2261 581 2324 112212
603 2261 690 2342 eique
713 2259 825 2342 aeyurr‘
849 2263 915 2344 (sre
936 2259 998 2341 Vt)
1022 2259 1125 2340 fecisti
1148 2260 1243 2324 22211-

117 2367 248 2430 2211222.
282 2382 355 2427 nam
378 2364 450 2428 1222
474 2363 506 2427 21
527 2363 610 2429 mole
632 2365 733 2445 fucere
756 2379 828 2426 cum
848 2362 1004 2427 infinitiuo
1023 2363 1075 2427 uel
1089 2361 1243 2446 gerundio

118 2465 318 2545 construitur,
343 2466 474 2549 simplex
497 2467 628 2532 uerbum
651 2484 710 2531 non
733 2465 819 2531 item.
850 2465 937 2531 recte
961 2466 1070 2531 contra
1088 2465 1119 2530 in
1135 2464 1241 2530 infini-

117 2570 192 2634 tiuis
233 2570 423 2635 coordinatis
459 2568 620 2652 passiuam
663 2570 796 2635 formam
835 2568 939 2633 actius
984 2568 1098 2652 excipit
1141 2586 1243 2651 neque

120 2692 172 2737 eas
196 2692 369 2756 aequemus
392 2692 521 2739 necesse
545 2674 594 2739 est
618 2676 688 2751 118,
712 2674 754 2738 26
777 2675 806 2739 si
822 2674 907 2740 2212
922 2676 1044 2738 mulum
1067 2694 1132 2739 esse
1154 2674 1243 2739 2112-

120 2780 172 2839 122
201 2780 258 2843 122
286 2776 474 2843 (12222221
505 2779 710 2860 1222222122,
740 2778 837 2842 1222
853 2778 1014 2841 'aduersus
1035 2776 1193 2842 absentem
1216 2780 1245 2841 21

119 2881 246 2961 quidem
275 2881 396 2945 irratam
425 2882 534 2945 212222
562 2882 762 2960 scatentium,
796 2880 875 2962 quid
903 2885 947 2945 est
968 2880 1063 2944 21121
1084 2880 1165 2961 qood
1187 2899 1245 2945 aos

121 2984 202 3065 cocis
224 2982 328 3065 fucere
350 2985 418 3047 rcr'ac'
440 2985 521 3065 quod
543 2985 614 3049 2112
637 2984 750 3047 121221
771 2985 874 3048 deos?
911 3003 982 3048 narn
1004 2983 1041 3046 ut
1063 3000 1156 3065 saepe
1178 2982 1243 3046 iarn

121 3084 268 3163 uidimus,
303 3086 493 3169 ubicumque
514 3087 619 3169 potest
643 3077 770 3151 lucifer
786 3087 957 3151 orationem
979 3086 1103 3152 nauare
1127 3086 1243 3150 studet.

121 3224 162 3235 -
187 3187 259 3267 109,
285 3188 756 3274 712111221(-ν211)112222
789 3209 855 3253 222
883 3190 1011 3270 poterit,
1046 3188 1102 3254 aed
1128 3188 1200 3266 229,
1226 3189 1243 3252 1

122 3292 186 3353 coa
213 3292 336 3372 poteris
371 3294 504 3375 (poterat
525 3294 558 3373 v)
581 3293 740 3357 12111222
769 3293 832 3377 (-21
854 3292 896 3373 V)
920 3291 1054 3374 reposui,
1090 3292 1245 3373 quiahoc

122 3390 191 3457 loco
225 3394 324 3459 oratio
357 3396 460 3478 magis
495 3394 536 3459 ad
559 3395 778 3460 Constantium
811 3412 965 3458 conuersa
998 3395 1053 3459 eat
1102 3395 1173 3471 113,
1205 3394 1247 3458 14

126 3496 578 3581 (Α1122221222)1222111222
600 3500 678 3579 2212
694 3499 829 3580 222121
852 3502 920 3582 (22
943 3498 985 3579 V)
1007 3518 1074 3562 222
1106 3498 1247 3562 2212221-

123 3616 201 3663 222.
237 3618 345 3665 eorum
368 3600 451 3664 enim
472 3620 533 3664 non
555 3600 706 3665 intererat
719 3601 757 3664 ut
770 3601 933 3683 puniretur
952 3601 1008 3665 sed
1023 3601 1059 3663 ut
1075 3598 1247 3664 audiretur.

127 3700 195 3779 189,
220 3702 440 3786 2222211123
468 3704 658 3769 criminibus
686 3704 926 3769 2122212222
955 3704 1102 3769 11122222
1126 3705 1169 3788 (21
1191 3703 1245 3783 V),

124 3808 254 3888 sorryais
275 3812 349 3872 torre
370 3809 555 3889 requiratur
576 3828 598 3871 2
619 3812 656 3873 12.
687 3806 850 3890 praecedit
871 3809 925 3873 sed
946 3809 1014 3872 1222
1035 3808 1191 3873 credimus
1205 3842 1248 3856 -

126 3904 278 3972 12122222
300 3914 545 3991 torporemque
564 3911 669 3990 possis
691 3929 805 3975 222222
825 3908 973 3975 2212222,
1007 3910 1078 3988 196,
1100 3911 1140 3974 21
1166 3908 1249 3991 qaod

128 4008 295 4091 (officiam)
319 4012 361 4075 sit
383 4012 517 4095 1192222
531 4013 700 4094 praeberi
719 4016 786 4097 (-rc
802 4012 844 4094 V)
867 4013 932 4077 deo.
963 4012 1076 4077 durum
1098 4013 1148 4076 est
1171 4028 1247 4093 aup-

126 4109 210 4191 plere
233 4116 419 4197 episcopum.
454 4115 529 4193 201,
553 4116 573 4180 3
596 4136 654 4180 car
667 4116 763 4198 fuisti
776 4133 874 4179 cosas
888 4113 997 4181 1211222
1012 4119 1158 4197 pastores
1172 4133 1249 4196 quos

126 4217 211 4297 22221
239 4236 297 4281 sao
325 4218 400 4281 deco
428 4218 751 4299 2212221122222221
785 4220 865 4283 car?
895 4219 961 4282 uisi
983 4223 1019 4283 21
1039 4224 1138 4282 tecam
1160 4216 1250 4280 22221

127 4324 217 4383 aeota
249 4322 412 4387 2122121222
441 4326 566 4402 coerect
597 4321 650 4385 121
678 4320 888 4402 circumferri
912 4317 1247 4405 (2210222212-
