3050 5000
377 359 440 425 242
785 356 788 363 '
865 354 1012 410 Luciferi

375 548 526 625 noemam,
553 563 647 627 quem
675 544 780 609 omniu
806 545 967 629 potentem
995 546 1031 609 ut
1059 562 1116 609 nas
1142 543 1308 609 eredimus
1335 544 1452 613 medentes

376 650 486 713 cantra
506 649 629 713 hostem
651 648 794 714 omuibus
817 647 882 713 suis
904 647 1024 713 uiribus
1046 647 1148 713 semet
1171 647 1338 712 erexerint
1371 654 1395 713 et
1410 670 1451 713 sur·

375 753 458 817 rexit
479 751 583 817 Iudas
603 754 661 835 qui
681 751 854 817 uocabottu
877 750 1090 817 Mactobueus
1111 752 1202 833 filius
1223 752 1296 817 eius
1314 770 1372 835 pro
1389 762 1451 818 eet

374 854 579 921 adiuuabant
598 874 668 921 eum
689 873 794 919 munes
814 852 932 935 fratres
953 854 1021 919 cius
1049 858 1078 919 et
1104 854 1253 919 uniuersi
1283 855 1338 937 qui
1362 873 1389 918 se
1408 875 1450 921 ceu

374 954 550 1024 iunxerant
571 958 665 1041 patri
691 958 776 1037 eiue;
808 961 837 1023 et
859 956 1080 1039 praeliabatur
1105 958 1271 1039 praetium
1298 956 1449 1023 Ierad'uu

374 1060 509 1127 laetitio.
533 1065 564 1125 et
584 1060 738 1127 ddutouit
756 1060 896 1144 pieriam
915 1060 1033 1141 poputo
1050 1081 1106 1127 sua
1129 1065 1160 1127 et
1179 1060 1295 1126 iuduit
1316 1080 1345 1125 se
1364 1060 1449 1125 bricam

373 1166 455 1229 sicut
473 1166 589 1249 piparas
615 1169 645 1229 et
665 1163 823 1229 succinxit
849 1183 931 1227 uaso
952 1163 1062 1229 bettico
1083 1183 1143 1229 suo
1171 1169 1202 1228 et
1222 1164 1355 1245 praetia
1374 1166 1446 1228 cauti

365 1267 434 1331 ‘tuit
449 1272 618 1351 pratepeus
646 1271 752 1333 costra
777 1266 898 1350 plodio.
937 1269 967 1333 et
992 1265 1109 1331 simites
1137 1265 1247 1347 factus
1275 1270 1321 1329 est
1349 1264 1413 1330 teari
1429 1268 1446 1328 iu

373 1371 518 1452 operibus
545 1372 614 1437 suis
641 1375 670 1435 et
695 1371 779 1435 sicut
804 1368 929 1435 catulus
950 1369 1050 1437 leonis
1071 1370 1199 1453 rupieus
1222 1370 1263 1433 ire
1285 1372 1443 1433 narrationem.

372 1478 402 1537 et
419 1479 602 1555 persecutus
623 1478 670 1539 est
688 1474 815 1557 usiquas
840 1477 870 1537 et
893 1477 1100 1555 persemtous
1122 1477 1151 1537 et
1171 1472 1231 1538 icas
1254 1474 1312 1555 qui
1328 1472 1457 1553 pedibu

371 1576 450 1640 baut
473 1576 630 1657 poputum
655 1595 749 1641 suum
769 1576 941 1643 succendit.
975 1580 1005 1641 et
1025 1576 1169 1641 subducti
1191 1582 1273 1641 sicut
1294 1576 1386 1657 iniqui
1400 1594 1443 1655 po

371 1680 485 1743 timore
505 1680 574 1743 eius
596 1683 627 1743 et
646 1697 757 1759 munes,
774 1680 915 1761 operarii
941 1679 1125 1763 iniquitatis
1145 1678 1329 1744 conturbati
1347 1681 1442 1755 sueti

365 1800 525 1863 prospera
546 1782 636 1863 foeta
657 1786 702 1845 est
723 1782 811 1847 solus
833 1783 871 1845 ire
893 1801 992 1847 mauu
1012 1782 1091 1848 eius.
1127 1785 1157 1845 et
1177 1781 1378 1847 accerbabat
1395 1798 1441 1860 repa

371 1885 486 1949 ueuttos
507 1889 536 1949 et
556 1884 727 1951 detectobcd
747 1885 842 1950 Iocab
863 1886 901 1949 ire
922 1886 1066 1969 aperebrcs
1087 1885 1164 1971 suis,
1193 1889 1227 1949 et
1248 1904 1343 1967 usque
1361 1885 1389 1947 iu
1403 1902 1439 1946 sae·

370 1987 442 2053 culo
463 1988 616 2053 memorio
637 1988 704 2053 eius
726 1988 763 2053 ire
785 1988 1006 2055 benedictione.
1043 1993 1072 2053 et
1088 1986 1332 2071 perorabutouit
1350 1987 1380 2051 io
1395 1984 1450 2049 eicie

369 2090 487 2155 tutibus
513 2091 600 2157 Iuda
632 2095 662 2155 et
686 2090 879 2173 disperdidit
907 2093 1023 2175 impios
1051 2112 1157 2157 amuco
1183 2112 1224 2157 ec
1254 2111 1293 2157 ea
1324 2094 1351 2157 et
1367 2085 1437 2154 auerti

240 2203 244 2210 '
369 2195 454 2257 irem
476 2194 515 2259 ob
538 2195 654 2261 Israel.
675 2198 706 2258 et
725 2196 910 2261 mmiuotus
930 2200 975 2261 est
994 2215 1091 2279 usque
1106 2196 1148 2260 ad
1163 2196 1369 2261 nouissimum
1380 2197 1436 2253 erro

368 2301 398 2363 et
418 2298 620 2380 cauprepauit
637 2303 815 2379 pereuntes.
837 2296 885 2363 illi
907 2297 965 2363 tali
987 2298 1054 2363 zela
1078 2298 1202 2363 accensi
1226 2298 1334 2363 contre
1354 2295 1392 2359 dei
1406 2293 1433 2356 de

368 2421 439 2468 mus
460 2400 603 2465 iecerunt
622 2400 783 2476 inimicos3
805 2400 894 2465 nobis
908 2403 941 2465 te
957 2401 1066 2467 contre
1086 2420 1147 2466 nan
1169 2402 1277 2465 fueret
1292 2396 1433 2481 surgeutm
1456 2410 1457 2475 t

367 2526 406 2572 no
423 2506 500 2570 dieti
518 2505 686 2570 fuissemus
707 2504 909 2587 petulantes?
932 2505 988 2570 sed
1009 2506 1088 2570 bena
1110 2523 1161 2569 me
1182 2504 1369 2587 petulantem
1385 2499 1456 2570 dieu

367 2628 428 2688 res,
457 2609 485 2672 si
506 2626 566 2672 nan
587 2609 674 2672 recte
696 2608 993 2689 contempsissemus
1015 2609 1204 2692 sacrilegum
1230 2605 1387 2673 edietumt
1387 2620 1431 2665 um
1454 2611 1455 2664 t

366 2712 488 2814 respice
511 2709 626 2776 etenim
647 2709 857 2794 canperditit
858 2711 891 2775 ui
913 2711 988 2794 quid
1006 2713 1224 2796 praeceperint
1241 2711 1333 2776 duces
1346 2709 1389 2773 Iud
1391 2724 1429 2769 ue
1453 2693 1454 2758 t

366 2833 437 2878 rum
460 2814 608 2896 apostolis
630 2815 663 2877 et
683 2814 792 2878 cantra
814 2813 889 2896 quid
911 2813 1021 2878 feeerit
1042 2816 1205 2880 beatorum
1231 2815 1394 2880 charaso
1353 2812 1428 2896 apost·

365 2916 486 2996 lorum,
521 2915 589 2980 et
580 2915 721 2980 muenies
748 2935 805 2982 uas
832 2935 894 2982 nan
923 2936 992 2983 osse
1013 2918 1205 3001 petulantes
1244 2917 1383 2984 sedutti
1337 2913 1427 2980 titio

365 3019 455 3084 nabis
484 3018 660 3083 conscilium
691 3037 761 3084 esse
789 3018 964 3102 cupientes.¹
996 3021 1112 3087 Petrus
1141 3027 1250 3086 autem
1277 3005 1451 3134 etlotaumw¹

365 3123 609 3190 ascendebant
597 3143 633 3186 ure
654 3123 804 3206 temptem
825 3123 869 3188 ad
890 3123 1004 3190 barem
1023 3126 1177 3191 orationis
1199 3145 1325 3190 nouam
1354 3081 1450 3227 epe

363 3227 440 3292 dam
460 3227 515 3290 uir
535 3225 669 3291 ciouedus
690 3246 728 3290 ec
748 3229 836 3290 utero
858 3229 974 3291 mobis
995 3223 1071 3294 suae
1090 3227 1293 3313 portabatur,
1319 3244 1387 3310 queo
1399 3239 1423 3284 tt
1447 3257 1448 3322 p

365 3330 443 3394 tidie
464 3327 625 3412 pauebaut
646 3329 723 3402 ad
709 3348 846 3393 canuam
874 3329 982 3411 tempii
1009 3351 1090 3414 quoe
1116 3333 1240 3398 dieitur
1268 3331 1391 3414 speciosa,
1408 3325 1424 3383 tt
1446 3339 1447 3416 t

360 3435 478 3516 peteret
504 3431 729 3516 eleemosynam
750 3431 790 3495 ab
812 3431 1082 3498 introeuntibus
1069 3454 1105 3497 eu
1135 3436 1294 3516 temptum.
1326 3431 1366 3496 iic
1385 3444 1421 3492 cao

364 3534 495 3600 uidisset
508 3534 640 3600 Petrum
654 3539 682 3598 et
696 3533 873 3600 labeonem
895 3537 1087 3602 introeuntes
1109 3536 1147 3602 iu
1169 3539 1324 3622 temptum,
1343 3530 1436 3615 repetet

365 3637 596 3722 eleemosynam.
619 3639 784 3705 iuteudeus
806 3643 911 3704 eutem
933 3640 969 3704 iu
991 3638 1083 3704 ilium
1104 3639 1222 3706 Petrus
1245 3662 1311 3706 cum
1329 3636 1418 3703 lauru

464 3878 511 3931 21
528 3878 612 3932 Much.
629 3878 655 3943 8,
675 3878 742 3932 1-9
810 3879 844 3931 25
861 3879 919 3934 Aet
938 3879 964 3943 3,
983 3879 1066 3934 1-10

414 4106 474 4160 lin
492 4120 568 4174 quem
585 4103 650 4170 fort.
719 4105 955 4164 tcaniuncxerent
1032 4080 1244 4178 5pmeliubeitur
1260 4112 1279 4174 (⁸
1294 4124 1322 4162 u.
1336 4101 1377 4164 ott)

362 4192 502 4246 ulmeam
518 4192 549 4258 v,
567 4189 674 4246 lancea
742 4191 884 4260 nugata
952 4195 1094 4248 mamam
1130 4180 1410 4266 tepescerent

362 4278 473 4332 teodure
541 4293 569 4331 os
638 4277 669 4330 21
688 4280 919 4348 contempsisemns
987 4280 1020 4336 29
1038 4287 1065 4336 et
1081 4281 1113 4335 31
1133 4283 1298 4353 elymosinam
