3050 5000
317 354 359 407 De
377 370 430 408 non
447 355 581 423 parcendo
595 356 624 409 in
643 355 721 409 deum
741 356 963 425 delinquentibus.
1145 358 1208 429 257

67 560 131 608 ore
154 541 326 627 prophetae
348 541 469 607 futuros
490 545 633 625 pastores
655 543 746 626 gregi
761 562 817 613 suo
835 544 957 610 dicens:
980 551 1010 611 et
1024 547 1103 613 dabo
1118 548 1208 613 notis

61 650 222 727 pastores
249 646 419 711 mandam
441 664 494 711 cor
514 666 632 725 mam,
666 652 695 711 et
719 652 856 728 poscent
875 667 931 712 aas
948 655 1113 731 pascentes
1135 671 1209 717 cam

69 749 273 830 disciplina,
304 750 411 815 tacere
441 748 607 827 docuerat,
640 767 679 813 no
707 748 766 815 tibi
798 749 839 813 ad
860 751 1047 817 mactandas
1068 753 1208 821 uenienti

69 852 190 917 rabido
212 853 286 934 lupo
310 848 362 917 'dei
384 871 460 917 ones
481 852 649 949 fuissemus
672 851 733 917 uisi
753 852 946 919 insolentes?
968 855 1081 921 mulien
1099 874 1134 921 eo
1150 874 1208 922 ns-

35 970 142 1039 5000
176 956 274 1021 eorde
305 956 446 1022 incendit
479 956 530 1021 dci
561 975 667 1021 amoro
699 956 851 1034 filiorum,
886 958 922 1021 nt
944 977 1051 1023 eorum
1078 959 1209 1029 interitu

70 1059 180 1141 gladii
204 1059 315 1133 inisset
335 1060 436 1143 potiti
457 1060 678 1134 motoricrnm3
702 1060 736 1123 et
753 1079 809 1125 nos
829 1060 945 1125 Christi
969 1061 1073 1127 (110000
1095 1062 1207 1127 militi-

70 1165 140 1228 bus
154 1163 253 1229 inisse
269 1179 441 1246 congruum
457 1163 628 1230 arbitratus
645 1182 696 1229 cs:
719 1164 817 1229 nolite
839 1184 933 1229 mma
954 1185 1075 1232 samem
1097 1170 1210 1235 contra

73 1267 308 1334 Constantiam
335 1266 457 1331 diaboii
486 1266 670 1345 satellitem,
704 1268 801 1333 nolite
831 1269 972 1333 resistere
1002 1270 1117 1351 templo
1140 1290 1208 1335 om-

74 1371 175 1435 ninm
197 1371 402 1453 dammnnm3
422 1372 525 1454 mapa
547 1375 652 1435 antem
674 1371 772 1453 facite
794 1390 1004 1453 qnaecamqae
1018 1373 1090 1454 deri
1107 1394 1206 1454 prac-

34 1494 57 1532 o
75 1474 205 1554 ceperit.
243 1493 324 1556 quae
346 1475 424 1541 hcoc
448 1474 497 1538 cst
518 1474 625 1538 nostra
647 1474 863 1551 contumacia,
898 1475 924 1539 si
953 1474 1091 1541 officinm
1118 1475 1209 1541 nobis

78 1575 267 1659 delegatum
289 1596 310 1641 c
330 1576 390 1641 doo
413 1576 549 1640 nitamur
571 1576 719 1657 implere,
747 1576 775 1641 si
799 1576 932 1659 deniquo
954 1577 1045 1643 istius
1067 1578 1209 1643 mulionis

74 1680 258 1747 imitatores
281 1680 431 1745 fuerimus
446 1679 587 1743 inuenti?
609 1679 643 1743 tu
660 1679 709 1745 uis
725 1679 850 1745 diabolo
865 1679 991 1762 placere
1020 1681 1108 1745 cuins
1132 1700 1209 1763 opus
1330 1764 1332 1769 Ι

75 1782 232 1848 inueniris
260 1783 434 1859 celebrare,
468 1800 525 1848 nos
552 1781 681 1846 minimo
720 1782 770 1845 uis
805 1781 863 1847 deo
896 1783 975 1848 heco
1008 1784 1040 1849 to
1071 1784 1208 1866 gerendo

76 1888 194 1951 eontra
215 1885 285 1951 fieri
307 1884 553 1968 acceptissimos.
593 1885 620 1948 si
641 1885 674 1949 te
697 1884 802 1949 adhuc
833 1886 956 1963 mouet,
990 1904 1046 1951 cnr
1069 1887 1152 1968 quod
1175 1906 1209 1959 es

34 2011 60 2051 1⁵
77 1990 207 2055 nocetis
231 1989 375 2066 anobis,
407 1988 515 2070 accipe
539 1988 636 2051 otiam
659 1987 697 2051 eb
720 1987 775 2052 illo
799 1987 931 2069 septimo
954 1988 1046 2053 huius
1067 1990 1209 2063 mulionis

78 2094 129 2159 sic
154 2092 351 2160 clamitatum
374 2092 484 2157 contra
505 2091 695 2160 Antiochum
717 2091 799 2156 filio:
823 2092 998 2161 Antiochus
1013 2098 1118 2159 antem
1133 2114 1209 2159 con·

77 2199 185 2262 temni
212 2197 390 2261 arbitratus
418 2200 448 2259 et
476 2196 544 2259 eins
572 2216 653 2276 qaae
681 2196 867 2276 increpabat
888 2215 995 2261 aecem
1025 2196 1208 2282 despiciens,

79 2321 157 2365 cam
184 2298 288 2363 adime
317 2299 543 2367 adolescentior
570 2304 758 2383 superesset,
792 2318 858 2363 non
884 2300 989 2363 aeriis
1021 2299 1210 2368 hortabatar

78 2409 221 2488 tantam,
244 2402 298 2467 sed
321 2404 416 2466 etiam
439 2422 510 2468 cam
531 2403 712 2467 iaramcntc
734 2402 925 2484 adfirmabat
942 2402 1077 2469 dinitem
1094 2407 1123 2467 et
1137 2402 1209 2473 baa-

35 2524 64 2566 20
78 2514 153 2572 tam
174 2508 346 2589 factarum,
368 2506 611 2572 translataram
631 2527 654 2570 a
673 2505 794 2587 patriis
816 2506 1011 2587 ethospitem
1026 2506 1210 2582 habitatam

80 2618 113 2678 et
140 2631 191 2676 res
216 2610 414 2676 necessarias
443 2610 649 2675 ormitnram.
687 2609 741 2674 sed
769 2609 813 2672 ad
841 2609 905 2673 ista
934 2609 1122 2674 adolescente
1143 2631 1211 2676 non

81 2715 264 2780 intendente
278 2714 407 2778 aocaait
422 2717 555 2778 matrem
576 2717 607 2776 et
627 2712 787 2796 saadelat,
810 2717 848 2792 at
864 2713 1052 2778 adolescenti
1068 2713 1155 2795 fieret
1168 2715 1208 2778 in

80 2818 227 2886 salntem.
263 2837 335 2882 cam
356 2820 463 2881 anam
484 2815 595 2879 maltis
622 2820 699 2880 esset
726 2815 886 2895 iactatas,
921 2817 1055 2898 sascepit
1078 2817 1210 2882 saedere

81 2942 115 2988 se
138 2921 252 3003 filiam.
289 2921 397 2999 itoqae
418 2919 580 2983 inclinata
603 2920 646 2985 ad
668 2918 762 2982 idam
784 2918 902 2986 derisit:
913 2919 1073 2986 cradelem
1095 2926 1210 3002 tyran-

38 3044 67 3086 00
81 3046 166 3092 nam
186 3030 213 3090 et
235 3026 285 3090 ait
300 3024 416 3105 patria
437 3041 529 3088 noce:
557 3022 623 3104 alt,
647 3024 794 3087 miserae
815 3023 886 3099 mei,
916 3043 996 3103 qaae
1017 3028 1046 3086 te
1066 3023 1103 3086 in
1124 3028 1211 3090 atero

82 3130 242 3194 mentitas
274 3127 376 3192 decem
403 3127 539 3208 portani
564 3131 595 3190 ct
623 3128 676 3192 lac
708 3127 848 3192 triennio
877 3126 951 3193 dedi
978 3130 1006 3188 ct
1034 3126 1103 3192 atrei
1125 3132 1154 3192 et
1174 3134 1211 3193 in

83 3237 220 3297 oetatem
242 3232 339 3296 istam
355 3231 506 3312 pendani.
541 3235 621 3312 peto,
643 3234 728 3306 note,
756 3229 900 3310 aspicias
921 3230 959 3292 in
981 3228 1102 3294 coelam
1124 3235 1152 3294 et
1174 3230 1211 3294 in

85 3340 207 3400 terram
227 3340 256 3398 et
278 3335 422 3401 omnibns
442 3354 524 3415 qaae
543 3335 588 3397 in'
604 3334 649 3398 eis
668 3337 747 3398 sant
769 3332 921 3412 inspectis
942 3332 1119 3414 intellcpere
1133 3334 1212 3414 qaia

83 3460 123 3504 en
146 3439 250 3506 nilide
271 3439 345 3520 fecit
366 3438 429 3503 illa
450 3438 526 3502 deas
546 3441 578 3501 et
606 3436 772 3501 laminam
798 3454 896 3517 aenas
923 3435 972 3498 ita
1000 3435 1047 3518 dt,
1084 3439 1118 3500 at
1146 3455 1212 3500 non

188 3593 202 3644 1
221 3589 336 3655 111003,
356 3592 389 3644 15
458 3592 490 3644 16
507 3589 535 3642 Π
551 3589 637 3644 Maeli.
656 3591 680 3652 7,
699 3587 803 3641 24-38

137 3764 261 3832 agenni
279 3764 348 3818 coni.
369 3761 544 3817 Godmidins
628 3761 852 3828 somniumque
876 3761 907 3823 V,
927 3775 1009 3814 ema
1097 3760 1127 3814 il
1147 3757 1211 3814 deli·

85 3855 178 3920 gotum
246 3850 278 3903 13
290 3848 542 3917 interpunctionem
550 3852 616 3914 poet
627 3846 734 3917 minime
746 3846 851 3898 castali
920 3846 948 3897 tc
960 3847 1052 3897 contre
1063 3846 1108 3898 ael
1119 3847 1212 3898 contre

85 3941 114 3990 te
131 3937 157 3991 h.
174 3953 200 4005 g.
219 3941 356 4004 exspectes
427 3935 459 3988 16
477 3934 628 4001 contempni
708 3931 740 3984 18
758 3930 896 3984 oriebatur
972 3931 1006 3983 20
1024 3931 1213 3983 translatumm

91 4023 121 4086 V,
139 4022 324 4076 translatorem
341 4038 357 4074 0
375 4021 424 4075 sed
441 4019 630 4074 translatnmm
647 4019 678 4072 in
695 4019 772 4072 rectis
791 4018 852 4083 adf.
873 4017 963 4072 Titiae
1060 4015 1091 4068 21
1111 4015 1214 4068 adolea-

86 4111 190 4162 centem
206 4123 260 4161 non
277 4105 459 4162 intendentem
481 4107 529 4170 Vo,
548 4122 595 4160 em.
616 4104 702 4158 Ooleti
779 4102 993 4165 2800011000,
1013 4101 1100 4154 omnic
1122 4101 1148 4156 V

88 4193 120 4246 29
130 4183 196 4262 post
207 4209 288 4264 genus
309 4193 461 4264 distinpnit
478 4209 503 4260 0,
525 4192 575 4246 sed
593 4190 629 4257 cf.
650 4190 789 4260 Cypriani
807 4190 846 4244 ad
863 4189 983 4242 Fortan.
998 4204 1028 4255 p.
1046 4191 1107 4249 341,
1129 4191 1146 4240 7

89 4279 169 4334 fieta

144 4381 224 4437 XIIII.
1077 4374 1109 4427 ll
