3050 5000
294 340 343 406 44
786 331 936 388 Luciferi

304 527 446 604 scamni,
470 525 528 591 sed
550 525 583 590 et
604 525 707 591 erlbac
730 522 866 590 eundem
895 523 927 588 in
957 523 1058 590 seruis
1087 523 1153 588 eius
1175 516 1439 606 persequamini,

299 631 485 714 religionem
509 629 577 694 eius
598 627 712 694 tollere
730 628 893 711 cupientes
916 647 934 693 e
956 625 1070 692 medio.
1116 624 1202 710 quod
1222 625 1270 690 ita
1295 643 1376 690 esse
1404 641 1441 686 er

299 735 394 800 istius
415 734 500 816 regis
522 751 677 816 cognosce
699 731 784 797 facto
805 731 993 809 Hieroboae‚
1028 730 1082 813 qui
1113 749 1185 794 cum
1212 729 1314 795 fuerit
1343 727 1441 792 filins

296 837 447 916 ancillae,
470 856 543 902 cum
565 855 598 902 se
620 835 816 901 meminisset
832 835 935 900 ortum
951 834 991 899 de
1005 834 1182 914 meretrice,
1199 851 1273 899 cum
1288 849 1438 915 regnum

296 942 460 1023 acceperit
483 940 598 1008 domini
621 941 670 1005 sui
693 938 869 1005 Salomonis
891 939 922 1003 in
946 937 1145 1021 obprobrium
1168 935 1315 1003 eiusdem
1333 934 1437 1000 Salo·
1464 945 1473 984 ⁵

299 1044 411 1124 monis,
434 1064 489 1109 cur
512 1042 767 1130 de<re>linquens
790 1041 884 1107 deum
900 1041 941 1106 ad
955 1040 1043 1107 idola
1057 1041 1159 1106 semet
1173 1039 1319 1119 uerterit,
1344 1058 1437 1114 cum,

298 1147 436 1229 inquam,
450 1146 580 1213 sciuerit
594 1145 654 1212 sibi
668 1164 802 1228 regnum
818 1145 928 1210 datum
944 1163 963 1210 a
978 1143 1037 1210 deo
1052 1144 1238 1224 Hieroboas‚
1255 1143 1437 1226 propterea

298 1251 385 1333 quod
408 1250 556 1316 Salomon
579 1249 723 1314 <lominus
748 1248 815 1314 eius
830 1247 917 1314 idola
931 1247 1044 1314 fuisset
1059 1247 1197 1327 secutus,
1219 1247 1330 1312 tamen
1347 1247 1434 1312 haec

298 1353 405 1418 omnia
428 1353 547 1418 ducens
569 1371 625 1436 pro
647 1352 745 1418 nihilo
767 1352 922 1436 cogitauit
942 1351 1029 1418 idola
1050 1350 1165 1430 facere,
1196 1351 1331 1435 stipsis
1356 1371 1436 1416 eum

299 1456 385 1522 omni
417 1457 532 1540 populo
561 1457 615 1539 qui
645 1456 704 1522 deo
733 1456 892 1522 senriebat
920 1474 989 1522 esse
1017 1456 1216 1538 mancipatus
1245 1475 1345 1539 qnam
1375 1455 1435 1520 deo
1450 1471 1468 1509 1⁰

299 1561 384 1639 uiuo,
415 1561 470 1643 qui
496 1559 588 1624 illum
617 1579 654 1624 ex
682 1560 825 1626 mulieris
853 1559 1029 1624 meretricis
1058 1558 1124 1624 filio
1147 1558 1268 1624 fecerat
1289 1577 1433 1642 regnum

299 1664 416 1728 hebere
440 1663 615 1730 Salomonis
640 1663 759 1729 domini
782 1664 840 1730 sui.
884 1683 923 1728 ne
945 1664 1053 1746 itaque
1081 1663 1205 1729 mireris
1227 1663 1315 1746 quod
1339 1663 1434 1727 uobis

288 1767 432 1848 ingratis
447 1767 479 1832 in
493 1768 598 1849 ipsum
613 1767 867 1850 delinquentibus
881 1767 1001 1850 parcet,
1018 1767 1076 1832 sed
1085 1767 1167 1833 illud
1180 1769 1289 1833 hortor
1301 1766 1431 1846 uideas,

295 1871 395 1952 quod,
418 1872 508 1935 tarde
528 1871 616 1950 licet,
647 1872 673 1936 si
703 1872 736 1937 in
757 1872 817 1936 hac
839 1872 896 1936 tua
917 1871 1071 1942 manseris
1101 1871 1251 1954 nequitia,
1284 1871 1331 1936 sis
1353 1891 1432 1954 per-

301 1974 449 2055 cepturus
473 1993 511 2039 ea
538 1993 619 2057 quae
648 1992 755 2040 omnes
777 1975 809 2040 in
825 1975 992 2058 sacrilegio
1007 1973 1215 2057 perceperunt
1228 1975 1430 2058 praedeces·
1445 1993 1465 2032 1⁵

180 2116 184 2124 -
296 2094 387 2142 sores
409 2077 465 2141 tui.
490 2078 651 2143 hortamur
674 2079 712 2144 ut
730 2078 831 2143 temet
852 2078 950 2143 tantis
975 2077 1106 2142 amalis
1130 2078 1250 2161 eripere
1275 2077 1431 2160 digneris.

302 2181 334 2243 et
357 2198 390 2245 es
404 2180 525 2246 habens
544 2183 727 2267 (exempla)
743 2182 881 2264 insuper,
904 2198 965 2247 non
979 2180 1016 2246 tu
1031 2182 1150 2264 primus
1163 2180 1252 2247 iacis.
1278 2179 1431 2246 uidemus

294 2282 396 2348 etiam
418 2284 516 2348 isium
542 2285 735 2351 Hieroboam
762 2283 1037 2350 commonitionem
1069 2284 1186 2350 domini
1214 2284 1347 2348 duxisse
1375 2302 1431 2366 pro

297 2385 406 2451 nihilo.
429 2388 594 2468 etfaciam
607 2394 662 2473 est,
683 2388 796 2472 iuquit,
819 2390 857 2453 ire
871 2393 1008 2471 tempore
1025 2388 1091 2468 illo,
1108 2393 1136 2452 et
1152 2387 1332 2454 Hieroboas
1348 2389 1430 2452 eaiit

293 2487 337 2555 de
358 2489 571 2574 Hierusalem,
594 2495 625 2557 et
644 2491 771 2559 iaaeait
793 2513 864 2559 eam
886 2492 1006 2561 Actias
1028 2491 1179 2559 Silarrites
1196 2490 1371 2575 propbetas
1394 2492 1430 2555 ia
1443 2506 1462 2545 o

298 2592 368 2672 aia,
391 2596 421 2657 et
441 2594 564 2662 Actias
590 2601 715 2677 metas
743 2600 814 2663 erat
840 2598 1024 2663 aestimata
1045 2616 1138 2679 acuo,
1168 2596 1310 2661 eiambo
1335 2599 1431 2661 marai

298 2695 338 2759 ia
359 2714 479 2779 campa.
503 2702 533 2761 et
552 2698 907 2780 adpetendi-Actias
934 2700 1155 2765 aestimatam
1183 2719 1278 2765 suam
1306 2718 1432 2763 nouam

299 2796 383 2879 qaod
414 2818 509 2881 saper
540 2820 573 2866 se
604 2800 736 2867 babebat
764 2808 792 2867 et
822 2802 948 2885 dbapii
973 2803 1058 2869 illaal
1085 2802 1248 2869 duodecin
1277 2803 1430 2867 sassures

299 2903 330 2964 ei
350 2900 437 2966 dicit
456 2903 500 2967 aci
522 2903 725 2971 Hieroboam:
748 2906 855 2988 accipe
876 2907 935 2973 tibi
956 2906 1061 2973 decem
1082 2907 1248 2990 scissaras,
1272 2907 1430 2987 pacatam

299 3001 377 3069 baec
397 3005 478 3070 dieii
498 3007 648 3074 damam
668 3009 746 3075 aeas
767 3009 891 3075 Isrcetr
925 3028 991 3077 eece
1019 3030 1072 3095 epa
1100 3010 1263 3091 disrumpo
1291 3019 1461 3093 reprom&

297 3106 338 3171 de
352 3128 453 3174 marra
468 3109 662 3193 Salomonis,
685 3118 715 3178 et
728 3114 809 3179 dabo
826 3114 885 3179 tibi
898 3114 1002 3181 decem
1016 3118 1157 3198 seepira;
1179 3115 1285 3181 daca
1299 3115 1429 3197 sceptra

300 3215 394 3275 erari
414 3211 466 3277 olli
481 3221 615 3298 propter
635 3237 764 3283 seram
785 3238 889 3283 mean
910 3217 1025 3284 Dauid
1040 3223 1069 3284 et
1077 3222 1210 3302 propter
1221 3219 1430 3285 Hieracem

297 3314 470 3397 cuiatem,
493 3338 590 3399 qaam
611 3321 690 3404 clear?
712 3341 750 3387 ea
773 3320 917 3387 amarias
940 3322 1083 3387 trababas
1097 3321 1213 3399 Israel,
1233 3323 1428 3405 properabas

298 3417 468 3500 dereliquit
488 3438 536 3483 me
556 3419 720 3503 Salomon,
744 3426 773 3485 et
793 3422 869 3505 fecit
890 3420 1019 3489 Astarte
1041 3422 1124 3488 idolo
1146 3422 1303 3489 iamaado
1325 3422 1428 3507 Sydo-

294 3520 429 3586 -aioram
451 3526 480 3587 et
502 3521 603 3589 Oama
624 3523 712 3588 idolo
727 3524 827 3591 Moab
850 3529 881 3589 et
900 3526 966 3609 repi
988 3546 1094 3593 earam
1115 3526 1267 3611 reiipioai
1280 3526 1459 3609 filioram³⁰

403 3795 572 3867 ramneg.
592 3797 755 3863 11,ea-ee

351 4072 367 4125 6
385 4068 540 4140 delinquens
556 4071 603 4137 Va,
622 4070 805 4141 derelinquens
818 4073 964 4139 Latinius,
984 4073 1138 4144 delinquens
1150 4074 1179 4129 in
1192 4074 1258 4145 Gal,
1276 4077 1426 4148 relinquens

297 4160 366 4227 sart.
442 4156 475 4211 13
492 4159 564 4211 ortor
580 4175 613 4213 ra.
632 4163 648 4212 1
720 4157 753 4212 15
770 4158 965 4228 prodecessores
987 4162 1018 4229 V,
1036 4178 1084 4216 era.
1103 4178 1119 4217 a
1194 4160 1227 4215 17
1246 4164 1369 4260 exempla
1386 4166 1428 4221 acl

297 4264 357 4319 aaa
374 4262 443 4331 quea
460 4260 597 4317 aeaeae
614 4262 732 4317 arcem
801 4263 835 4317 24
851 4263 994 4317 romeam
1011 4282 1045 4321 m.
1064 4269 1079 4319 1
1149 4262 1183 4317 es
1201 4250 1292 4319 omu'
