3050 5000
353 373 417 438 308
842 371 990 424 Luciferi

353 581 447 624 uuam
469 562 579 625 mortis
602 561 836 624 damnationem
864 580 934 624 esse
961 561 1029 627 tibi.
1061 559 1137 641 quia
1167 559 1301 622 credere
1325 561 1393 635 nolis,
1413 575 1429 626 ct

353 666 547 746 geminatum
570 665 689 728 malum
712 683 782 728 esse
806 664 904 728 nobis.
928 665 954 728 si
976 665 1096 728 reiecta
1110 665 1223 728 uosba
1239 663 1398 726 credulitate
1409 666 1430 726 al

354 769 514 830 interitum
535 767 639 830 redire
667 767 882 830 maluerimus.
912 765 1067 847 quomodo
1095 787 1153 830 uos
1179 785 1278 847 posse
1304 765 1358 828 tuis
1374 786 1429 847 prac-

354 890 532 951 sumpseras
561 874 616 932 aut
644 869 733 932 falsis
762 869 920 950 obsequiis
950 888 1031 951 quae
1063 870 1187 951 magis.
1225 869 1302 931 dum
1326 869 1430 932 inlicimt.

352 973 544 1038 interficiunt
567 980 622 1036 aut
644 974 787 1036 omnibus
809 976 1035 1036 tormentorum
1057 973 1263 1036 crudelitatis
1284 973 1446 1053 generibusn

352 1077 405 1142 dei
434 1077 567 1140 caritate
596 1077 758 1156 separari?
796 1077 866 1156 quis
896 1079 1016 1140 tautam
1045 1077 1104 1140 subi
1131 1075 1278 1140 oblatam
1299 1075 1432 1138 felicitalcn

351 1188 481 1262 respuat
503 1180 563 1244 uisi
586 1178 640 1260 qui
663 1179 704 1242 sit
718 1181 752 1242 te
767 1179 930 1247 infelicior.
953 1199 1025 1242 cum
1047 1180 1158 1243 uideat
1180 1177 1431 1242 contessioneunis
1455 1215 1456 1238 r

352 1285 444 1348 unius
468 1282 673 1346 Christianus
695 1302 765 1344 snm
790 1281 924 1345 aduersa
947 1283 1163 1359 succumbere,
1194 1282 1286 1344 laeta
1307 1281 1431 1363 prouenit.
1455 1241 1456 1324 i

350 1387 493 1469 patefieri
522 1404 636 1466 regua,
671 1387 800 1448 aeterna
831 1385 936 1466 parari
963 1385 1116 1466 imperia?
1156 1384 1258 1448 dicis:
1293 1385 1432 1466 nepotatio

350 1491 468 1571 filium,
489 1494 546 1551 unt
571 1490 739 1569 interficiet
757 1508 816 1552 nos
837 1490 942 1550 nirtns
965 1489 1055 1569 repni
1076 1489 1149 1550 ncei.
1173 1507 1275 1568 qnam
1296 1487 1391 1548 melius
1406 1471 1456 1548 euti

352 1594 392 1656 ab
414 1594 504 1656 boste
528 1591 645 1655 Christi
666 1591 802 1654 interfici
825 1609 919 1671 quam
942 1610 960 1654 a
983 1590 1123 1654 Christo!
1149 1609 1249 1670 quam
1266 1591 1431 1670 estoptinm

352 1714 371 1758 a
392 1696 425 1758 te
448 1694 623 1758 anticbn‘sti
646 1693 748 1757 amico
772 1693 905 1756 mactari
934 1693 966 1756 et
995 1711 1014 1755 a
1043 1692 1169 1756 Christo
1199 1692 1364 1755 uiuificari!
1393 1693 1431 1773 q's

352 1797 432 1860 nolit
452 1797 610 1878 particeps
634 1815 669 1858 ac
699 1795 803 1858 socius
832 1795 1079 1876 patriarcharum
1101 1796 1328 1876 prophetarum
1348 1804 1430 1875 aposto

350 1901 451 1963 lorum
473 1901 644 1980 martyrum
665 1901 911 1980 cunctorumque
929 1899 1083 1962 iustorum
1104 1899 1245 1962 inueniri
1261 1918 1351 1980 quam
1363 1898 1430 1960 ludat.

351 2002 442 2065 cuius
462 2003 498 2064 tn
520 2000 650 2064 extitisti
672 2002 834 2064 imitatur?
857 2002 888 2064 in
911 2020 1038 2064 carcere
1053 2020 1108 2083 per
1123 2001 1292 2064 Herodem
1308 2001 1445 2080 compen-2²

348 2104 467 2166 lentem
488 2103 578 2166 tunm
600 2104 727 2184 punitus
749 2105 799 2167 est
821 2104 959 2184 baptista
981 2105 1152 2176 lohannes;
1177 2104 1329 2168 Iacobum
1344 2101 1429 2166 suendi

349 2207 485 2272 Herodis
512 2207 684 2272 interiecit.
717 2208 749 2271 in
778 2207 913 2271 insulam
941 2208 1102 2288 relegatus
1125 2207 1291 2288 apostolus
1312 2208 1430 2270 lohannes.

350 2310 517 2374 crucifixus
546 2312 594 2373 cst
623 2312 734 2374 beatus
763 2311 892 2379 Petrus.
928 2310 1075 2392 alligatus
1104 2311 1154 2373 est
1179 2311 1298 2374 beatus
1320 2307 1430 2390 apostolus

350 2414 477 2478 Paulus.
500 2413 642 2476 reclusus
666 2415 714 2476 est
735 2414 924 2481 carceribus.
948 2413 1126 2496 flagellatus
1150 2415 1200 2477 est
1225 2415 1259 2476 et
1282 2431 1366 2494 saepe
1381 2409 1429 2490 lapi·

351 2518 453 2592 datus,
476 2515 659 2581 interfectus
683 2519 731 2581 est
752 2520 919 2598 postremo.
955 2517 1011 2580 sed
1034 2517 1066 2579 hi
1090 2518 1197 2581 cunuti
1221 2517 1279 2581 illa
1301 2515 1443 2599 guadsonis

350 2619 534 2685 sustinendo
558 2619 642 2702 quod
665 2620 758 2683 amici
782 2619 833 2683 dei
859 2619 975 2683 brenni
1004 2619 1095 2695 lacti,
1127 2618 1182 2701 qui
1205 2620 1396 2684 aduertimus.
1415 2621 1430 2677 et

348 2722 408 2803 ipsi
438 2721 561 2785 crudeli
590 2740 686 2785 manu
713 2723 771 2786 tua
797 2723 930 2787 mactari
958 2722 1114 2787 malumus
1143 2742 1242 2805 quam
1269 2725 1339 2786 tuae
1358 2720 1429 2784 aeden

348 2824 562 2888 carnificinae.
597 2843 731 2889 curuos
754 2844 864 2889 erosos
886 2827 993 2903 babes,
1021 2844 1077 2889 cur
1099 2826 1190 2890 lauta
1212 2826 1345 2889 saeuitia
1360 2839 1429 2905 perse-

349 2928 477 3009 queris?
511 2947 623 3009 nempe
654 2928 728 3009 quia
756 2946 813 2991 nos
841 2927 1033 2993 Christianos
1065 2928 1218 3004 tammum
1256 2930 1288 2992 et
1314 2928 1356 2992 illi
1378 2923 1428 2989 beat

350 3049 482 3112 quornm
511 3031 643 3095 fecimus
671 3030 861 3095 mentionem
889 3049 943 3111 pro
966 3032 1057 3095 unico
1082 3032 1154 3096 sunt
1176 3031 1334 3095 interfecti
1353 3049 1368 3093 a
1384 3038 1443 3089 con-³2

348 3134 486 3216 tyrannis
510 3134 575 3197 tuis
599 3134 649 3198 dei
671 3133 752 3210 lilio,
782 3153 837 3197 cur
860 3154 893 3197 se
917 3136 983 3199 eins
1007 3152 1114 3199 seruos
1138 3134 1287 3199 dixerint.
1324 3133 1386 3195 dicit
1400 3146 1428 3191 on

250 3246 257 3271 ¹
347 3236 486 3318 religiosi
509 3238 617 3301 Dauid
645 3238 773 3301 sanctus
802 3239 930 3319 spiritus
954 3257 991 3301 ex
1013 3238 1111 3301 nostri
1132 3256 1271 3319 persona
1291 3234 1393 3325 populi:
1414 3231 1428 3291 n'

349 3339 439 3402 obliti
461 3360 573 3403 snmus
594 3361 707 3405 nomen
721 3342 771 3406 dei
786 3342 886 3406 nostri
902 3342 973 3405 etsi
989 3341 1202 3421 expandimus
1217 3360 1332 3405 manns
1346 3340 1428 3403 nostin

349 3443 394 3505 ad
414 3443 507 3508 deum
531 3445 684 3525 alienum,
707 3464 813 3509 nonne
833 3446 908 3509 dens
929 3445 1062 3527 requirit
1083 3445 1175 3508 isto?
1199 3446 1268 3525 ipse
1289 3434 1428 3509 cainoni

347 3544 501 3609 absconso
531 3547 651 3626 cordis·
684 3550 836 3629 qnoniam
860 3553 993 3631 propter
1021 3554 1050 3612 te
1070 3549 1305 3630 mortificamur
1324 3551 1378 3611 toto
1393 3542 1443 3619 dic,l

450 3784 467 3837 8
485 3784 561 3854 (lypr.
580 3801 638 3853 app.
656 3784 753 3848 11146,
773 3784 805 3837 16
873 3784 906 3837 27
924 3784 968 3839 Pu.
986 3785 1028 3853 43,
1046 3784 1148 3839 21—23

399 3985 591 4039 terudelitate
607 3988 727 4054 V,enu.u
796 3988 896 4055 dquue
909 3988 979 4041 coni.
993 3988 1086 4054 Goleti,
1106 3988 1149 4056 qui
1166 3989 1205 4042 Vn
1277 3976 1424 4039 santelinus

349 4106 487 4175 generibus
510 4124 544 4160 en
562 4107 762 4161 crudelitatibus
787 4124 856 4163 corr.
880 4126 915 4163 ni.
933 4114 948 4162 1
1053 4110 1178 4176 sperare
1286 4107 1315 4159 10
1330 4079 1368 4159 ios
1381 4107 1394 4167 l*
1405 4114 1422 4148 tt·

349 4192 408 4259 alt.)
497 4193 527 4245 ll
547 4192 675 4247 obtimum
761 4194 894 4247 nasutius
976 4194 1007 4249 17
1027 4194 1113 4249 insula
1130 4195 1258 4263 religatus
1334 4191 1423 4257 23perse·

350 4280 451 4346 quaeris
514 4278 717 4335 notabamus
785 4282 819 4333 27
838 4282 943 4351 spiritus
962 4284 1095 4336 sanctuso
1164 4278 1198 4333 30
1217 4278 1383 4335 absconditae
